2388 3439
180 695 282 717 Iulianus
290 694 393 715 cardina-

205 723 239 746 lis,
257 721 394 742 Laurentius

205 750 286 771 Zanus,
324 748 394 768 lulius

204 776 304 799 Camers,
329 775 363 794 Ch

366 774 394 794 ri.

203 803 324 827 stophorus
336 802 393 821 Nar-

203 828 278 852 dinus,
293 827 391 852 Virgi-

204 857 256 875 nius
291 855 396 878 Ursinus,

204 881 398 906 Iohannesssapti-

203 913 239 929 sta
258 909 344 931 Siccus,
362 909 393 927 M.

206 935 302 959 Tuders,
328 935 395 959 Capi-

203 962 393 987 nusmphonsus.

206 991 273 1010 lanus
288 989 363 1009 croia.

363 2016 394 2032 10

363 2438 396 2455 20

364 2651 395 2676 ²5

1150 193 1382 228 ROBERTI
1410 192 1531 228 URSI

415 317 562 349 facultas
586 316 816 348 exhiberetur.
862 315 1057 347 Redierunt
1081 314 1245 356 oppidani
1271 326 1313 346 ex
1339 325 1380 346 eo
1397 315 1507 356 prelio
1526 315 1653 346 hilares
1668 314 1768 352 adeo,
1784 325 1826 346 ac
1844 316 1871 346 si
1892 315 1936 347 de
1962 315 2044 356 ipsis
2069 326 2148 347 mox
2163 316 2280 347 trium-

414 371 550 412 phaturi
565 376 694 405 essent3
712 380 800 411 quae
817 379 872 400 res
889 369 1038 400 omnium
1054 374 1186 400 mentes
1204 368 1249 399 ita
1267 368 1422 405 firmavit,
1440 374 1475 399 ut
1492 368 1527 398 in
1540 374 1713 409 posterum
1730 379 1903 410 nunquam
1920 369 2044 410 aliquis
2059 368 2109 400 ab
2126 368 2280 400 hostibus

418 430 528 456 terror
552 423 772 459 incuteretur,
797 422 942 453 maxime
968 432 1045 453 cum
1068 421 1323 452 auxiliariorum
1341 432 1419 462 spes
1443 431 1512 452 non
1536 421 1698 453 defutura
1715 422 1986 462 promitteretur.
2011 422 2096 453 Cum
2114 432 2195 453 vero
2213 422 2278 452 iam

417 477 532 509 hostes
556 476 710 517 receptui
736 482 911 512 canerent,
936 481 1048 507 castra
1072 481 1260 516 posuerunt
1282 474 1327 505 ad
1352 474 1440 506 latus
1464 473 1653 515 Apennini,
1677 475 1722 506 ad
1748 485 1823 506 eam
1848 481 1981 516 partem
2006 485 2073 516 que
2091 475 2279 507 Thusciam

416 536 559 571 spectat.

856 609 1052 640 ADVENTUS
1076 617 1300 640 CARDINALIS
1324 617 1374 638 AD
1398 617 1614 639 osssmtosz
1638 608 1833 640 TIPHERNI.

506 694 675 726 Postridie
694 693 844 724 Iulianus
857 693 1042 725 cardinalis
1056 694 1077 730 ¹,
1102 703 1203 734 quem
1221 692 1370 734 legatum
1388 692 1554 730 diximus,'
1573 699 1606 724 et
1618 692 1824 724 Laurentius
1838 693 1963 731 Zanus,
1977 699 2120 724 venetus
2135 693 2280 734 patriar-

418 749 483 780 cha
514 747 793 783 Anthiochensis,
825 753 859 778 et
891 757 957 777 una
989 746 1094 777 Iulius
1124 745 1230 791 Cesar
1262 745 1422 777 Camers²
1456 752 1490 777 et
1522 745 1790 787 Chrisiophorus
1827 746 2002 778 Nardinus
2036 746 2243 777 forliviensis
2255 745 2278 784 ³,

415 803 496 834 item
522 801 700 843 Virginius
726 799 872 831 Ursinus
884 800 906 836 ⁴,
931 800 981 830 sui
999 800 1143 841 quisque
1171 799 1316 841 agminis
1333 799 1451 836 duces,
1468 799 1649 830 instructas
1672 800 1765 831 acies
1781 800 1978 841 maioraque
2002 799 2139 842 agmina
2155 799 2278 831 adver-

421 866 476 887 sus
507 855 738 896 Tiphernates
767 854 947 885 duxerunt.
993 853 1037 885 Et
1061 863 1138 884 cum
1163 853 1215 883 his
1239 853 1340 884 etiam
1364 852 1535 884 Iohannes
1563 852 1717 894 Baptista
1745 852 1895 890 Siccus⁵,
1927 852 1975 884 M.
2003 853 2151 888 Tuders,
2175 851 2278 894 Capi-

420 920 482 940 nus
507 914 541 940 et
564 908 666 939 Ianus
689 905 791 938 Croia
807 912 841 938 et
857 906 1056 947 Alphonsus
1074 905 1258 946 Hispanus,
1275 906 1332 947 qui
1351 905 1460 946 copiis
1484 912 1614 937 tantum
1639 904 1857 947 pedestribus
1873 912 2048 946 praerant.
2080 905 2124 936 Hi
2150 915 2278 943 omnes,

419 963 512 1004 prius
528 971 630 1003 quam
647 967 758 992 castra
775 966 953 1001 ponerent,
970 969 1094 1002 magno
1111 958 1258 1000 impulsu
1275 964 1309 990 et
1331 958 1455 1001 grandi
1481 958 1638 990 tubarum
1663 959 1836 1002 clangore,
1853 959 1898 990 ad
1915 969 2028 990 muros
2045 969 2153 1000 usque
2171 958 2275 990 delati

416 1022 502 1052 sunt,
527 1025 594 1057 qua
618 1013 794 1045 Perusiam
819 1013 1056 1054 proficiscitur,
1074 1012 1207 1054 partitis
1223 1018 1325 1044 antea
1342 1013 1377 1042 in
1393 1012 1535 1053 planitie
1555 1012 1766 1049 cohortibus,
1791 1023 1858 1054 quo
1884 1012 2048 1053 oppidani
2074 1012 2183 1055 magis
2208 1012 2279 1043 for-

415 1069 595 1100 midarent.
641 1067 682 1098 In
712 1076 856 1108 quorum
880 1066 1032 1097 adventu
1056 1066 1182 1097 acriter
1207 1071 1241 1097 et
1271 1065 1489 1096 tumultuarie
1521 1071 1709 1108 pugnatum
1743 1072 1803 1097 est.
1843 1064 2022 1097 Ceduntur
2055 1076 2097 1096 ex
2120 1065 2279 1096 hostibus

417 1121 582 1158 nonnulli,
600 1131 642 1152 ex
665 1119 813 1151 obsessis
839 1126 953 1151 autem
977 1129 1020 1150 ne
1046 1129 1132 1150 unus
1155 1118 1306 1160 quidem.
1337 1118 1421 1150 Mox
1446 1119 1538 1150 iuxta
1562 1118 1783 1160 Apenninum
1809 1125 1921 1150 castra
1948 1119 2075 1155 locant,
2100 1129 2170 1150 non
2201 1118 2278 1160 plus

414 1175 506 1206 mille
524 1174 569 1206 ab
585 1173 669 1206 urbe
694 1172 863 1215 passibus.
910 1171 969 1204 Sic
986 1173 1113 1214 itaque,
1132 1171 1220 1203 binis
1244 1173 1375 1208 castris,
1399 1183 1418 1203 a
1443 1172 1587 1204 meridie
1614 1179 1647 1204 et
1671 1172 1926 1214 septemtrione,
1944 1171 2120 1203 obsessum
2144 1178 2195 1204 est
2217 1171 2278 1202 Ti-

417 1230 461 1270 ph
467 1239 597 1260 eruum.

785 1306 987 1338 ORATORES
1012 1305 1288 1337 TIPHERNATUM
1312 1315 1363 1336 AD
1388 1315 1609 1337 PONTIFICEM
1632 1315 1679 1336 ΕΤ
1702 1315 1897 1336 MANDATA.

506 1392 693 1434 Postquam
719 1402 802 1434 ergo
827 1401 896 1422 non
920 1390 1121 1422 temerarius
1146 1389 1227 1421 belli
1260 1400 1375 1421 rumor
1399 1390 1488 1420 vires
1513 1390 1660 1431 accepit,
1685 1396 1719 1421 et
1750 1390 1816 1420 iam
1842 1389 1873 1420 T
1876 1390 2075 1430 iphernates
2100 1389 2278 1431 conspica-

417 1454 544 1484 rentur,
569 1445 786 1478 circumfusis
810 1443 1015 1487 agminibuS‚
1041 1450 1157 1484 preter
1182 1443 1377 1484 opinionem
1403 1454 1531 1480 eorum,
1545 1450 1728 1486 preterque
1755 1443 2041 1484 expectationem,
2065 1443 2216 1485 undique
2242 1453 2278 1474 se

417 1501 578 1537 obsideri,
595 1510 664 1531 non
680 1499 768 1531 ultra
781 1497 1006 1542 gliscentibus
1024 1497 1187 1538 periculis
1204 1497 1435 1529 cunctandum
1452 1497 1527 1534 rati,
1545 1502 1697 1529 oratores
1721 1497 1766 1528 ad
1782 1495 1925 1539 Syxtum
1950 1497 2146 1537 pontificem
2171 1497 2275 1527 maxi-

507 1623 515 1642 ¹
535 1625 611 1649 Idest
629 1624 759 1648 Iulianus
779 1623 854 1647 filius
874 1623 1028 1656 Raphaelis
1049 1623 1183 1652 Roborei,
1202 1625 1228 1647 et
1243 1622 1320 1647 sixti

419 1667 457 1691 IV
478 1675 574 1700 nepos,
594 1667 643 1698 qui
665 1668 762 1698 postea
784 1666 840 1689 fuit
860 1665 950 1689 Iulius
969 1664 996 1688 11
1017 1664 1077 1696 (M).

507 1708 518 1723 *²
542 1709 620 1732 Gran.
633 1709 679 1732 cit.
692 1708 721 1731 di
733 1707 846 1731 PIETRo
860 1707 985 1730 ANGELO
1001 1714 1031 1730 m
1046 1705 1216 1733 GlovANNl,
1230 1714 1256 1739 p.
1270 1713 1320 1738 90:

422 1751 472 1775 “A
492 1749 521 1775 di
542 1759 557 1782 4
577 1750 611 1774 de
631 1750 723 1782 luglio
744 1748 828 1781 passo
842 1749 868 1773 el
888 1749 988 1780 signor
1002 1747 1103 1772 Giulio
1119 1749 1152 1772 da
1168 1747 1320 1772 Camerino

423 1795 434 1806 *¹
447 1801 501 1817 con
522 1800 575 1825 400
593 1792 698 1816 cavalli
719 1793 788 1816 bene
810 1793 839 1815 in
860 1791 972 1820 ordine,
985 1791 1067 1822 quale
1079 1793 1148 1823 giva
1169 1794 1273 1815 contro
1287 1791 1320 1814 de

421 1836 433 1848 ‘⁴
448 1837 467 1859 li
489 1834 637 1859 Castelani
652 1853 673 1865 η.

508 1878 607 1901 Anche
627 1879 674 1909 qui
696 1877 722 1901 la
743 1876 964 1900 testImonianza
978 1875 1022 1899 del
1043 1877 1168 1900 cronista
1183 1883 1240 1900 non
1256 1883 1321 1899 con—

420 1921 505 1943 corda
519 1926 574 1943 con
593 1919 687 1951 quella
707 1919 751 1942 del
766 1919 905 1942 Laurenzi
925 1918 963 1948 (v.
974 1925 1001 1950 p.
1009 1917 1034 1946 6,
1049 1925 1075 1942 n.
1088 1917 1123 1948 2),
1137 1916 1238 1949 perche
1252 1925 1280 1941 se
1300 1918 1320 1941 il

421 1962 542 1994 Signore
553 1962 583 1985 di
594 1961 746 1985 Camerino
760 1959 845 1993 passo
862 1961 897 1984 da
911 1960 1032 1992 Perugia
1043 1960 1065 1984 il
1078 1969 1093 1992 4
1105 1961 1134 1984 di
1147 1960 1248 1993 luglio,
1263 1967 1320 1983 non

421 2007 524 2036 poteva
544 2012 633 2028 essere
653 2004 680 2027 al
701 2010 799 2035 campo
820 2003 865 2026 col
886 2003 981 2034 legato
996 2003 1018 2026 il
1034 2001 1067 2026 28
1081 2004 1110 2027 (11
1124 2004 1243 2035 giugno.
1264 2002 1321 2026 Ora

421 2047 448 2070 la
470 2045 559 2071 verita
578 2046 593 2070 ὸ
612 2049 724 2078 questa:
746 2045 846 2069 Giulio
860 2045 896 2069 da
910 2044 1063 2069 Camerino
1077 2044 1174 2070 arr-ivo
1189 2046 1217 2069 ai
1232 2046 1317 2077 primi

421 2089 452 2112 di
481 2090 573 2121 luglio
593 2089 670 2120 (3-5),
691 2088 812 2112 recando
833 2094 896 2111 seco
915 2094 968 2118 300
987 2088 1091 2111 cavalli
1108 2095 1121 2111 e
1144 2093 1212 2120 ²300
1231 2087 1320 2115 fanti}

423 2133 430 2155 i
451 2131 616 2156 Fiorentini
636 2131 736 2154 ebbero
757 2130 867 2154 notizia
888 2130 907 2153 il
924 2136 936 2161 7
953 2130 982 2153 di
1002 2130 1192 2161 quest'arrivo
1215 2130 1320 2160 (Aaou.

421 2174 468 2198 ST.
487 2180 518 2198 01
539 2174 609 2202 Fm..
635 2173 725 2206 Sign.,
742 2173 821 2196 Miss.
841 2172 861 2203 1,
883 2173 954 2196 Min.
974 2173 1008 2202 X,
1029 2182 1051 2197 c.
1073 2174 1144 2205 137).

509 2217 540 2239 In
560 2216 707 2240 un’antica
727 2222 849 2239 cronaca
869 2215 898 2238 di
919 2214 1073 2239 Camerino
1089 2216 1112 2239 si
1132 2216 1183 2238 ha:
1207 2217 1217 2227 *⁴
1231 2215 1320 2238 Iulius

425 2262 436 2271 ⁴¹
449 2258 561 2289 Caesar,
580 2258 696 2282 Ioannis
715 2258 741 2281 ΙΙ
760 2257 845 2285 filius,
865 2257 1005 2281 militavit
1018 2258 1068 2280 sub
1083 2257 1262 2281 Florentinis
1277 2265 1319 2280 an.

426 2301 580 2330 ··MCDL1,
605 2301 654 2325 sub
680 2300 851 2324 Senensibus
878 2307 921 2323 an.
950 2298 1091 2327 MCDLV,
1118 2301 1167 2323 snb
1194 2301 1261 2323 (linc
1289 2300 1321 2322 de

425 2342 554 2375 “Angio‚
576 2344 626 2367 sub
647 2343 737 2367 Paulo
757 2341 783 2365 II
803 2341 935 2374 pontifice
950 2341 1126 2366 MCDLXV:
1147 2343 1320 2372 gubernator

425 2389 436 2398 ⁴⁴
446 2385 588 2418 generalis
608 2385 732 2409 Eeclesie
743 2385 794 2408 sub
808 2384 893 2408 Xisto
904 2383 942 2407 IV
955 2384 1088 2416 pontifice
1110 2384 1319 2411 MCLXXXIV,

424 2430 435 2442 ‘⁴
446 2430 619 2461 gubernator
637 2428 779 2460 generalis
794 2428 975 2455 Venetorum,
989 2427 1155 2459 capitaneus
1178 2427 1319 2458 generalis

426 2472 438 2484 “
450 2471 625 2495 Ferdinandi
640 2472 713 2502 regis
727 2470 872 2502 Neapolis,
887 2469 1081 2493 locumtenens
1093 2469 1234 2501 generalis
1250 2469 1319 2492 Mat-

427 2515 507 2538 “tiae
527 2514 623 2545 magni
643 2513 785 2545 Ungariae
806 2514 879 2544 regis
894 2520 937 2536 an.
959 2511 1196 2542 MCDLXXXJX‚
1216 2512 1320 2544 palatii

423 2558 531 2581 “huius
551 2557 619 2579 novi
634 2558 661 2579 et
679 2557 746 2580 atrii
775 2556 910 2579 formatur
929 2553 1061 2579 MCDIC.
1099 2554 1201 2578 Terras
1221 2554 1319 2578 Cerre-

427 2600 510 2624 “tum
529 2602 556 2624 et
575 2598 702 2622 Montem
722 2598 857 2622 Sanctum
878 2599 906 2620 in
932 2597 1048 2621 Umbria
1069 2605 1084 2621 a
1103 2597 1188 2621 Xisto
1208 2596 1247 2620 IV
1274 2598 1321 2620 ob-

427 2642 439 2655 “
451 2642 540 2666 tinuit
554 2649 599 2665 an.
614 2640 816 2668 MCDLXXV;
830 2641 963 2672 regnavit
976 2647 1068 2663 annos
1083 2638 1170 2669 LVII,
1185 2639 1260 2663 obiit
1275 2647 1319 2663 an.

427 2684 438 2697 ‘⁴
453 2684 544 2708 MD11.
581 2683 660 2707 Uxor
673 2683 781 2707 Ioanna
795 2682 945 2706 Malatesta
959 2682 993 2706 de
1006 2682 1150 2711 Arimino,
1163 2681 1320 2712 Sigismun-

426 2727 438 2739 '⁴‘
452 2728 481 2750 di
500 2727 558 2750 filia
572 2734 604 2751 ac
624 2726 770 2750 Francisci
789 2723 911 2749 Sfortiae
931 2725 1010 2749 ducis
1029 2724 1187 2748 Mediolani
1208 2725 1321 2756 nepotis

427 2769 481 2792 “ex
501 2769 635 2793 Poliscna
661 2767 728 2796 fllia,
753 2769 837 2799 atque
851 2766 1002 2791 'Lanciani
1027 2767 1214 2794 aedificatrix,
1238 2767 1319 2789 ducta

429 2811 516 2835 “viro
535 2812 638 2835 aetatis
667 2817 730 2834 suae
758 2818 832 2834 anno
861 2809 949 2840 vm„
980 2810 1108 2842 (SAVINJ,
1134 2808 1226 2833 Storia
1251 2807 1320 2830 della

365 2863 400 2889 30
426 2855 490 2878 citeiz
511 2855 540 2877 di
559 2854 707 2881 Camerino,
727 2851 890 2882 Camerino,
914 2851 988 2883 1864,
1009 2860 1034 2883 p.
1057 2851 1128 2882 223).
1163 2851 1207 2874 Da
1221 2852 1320 2882 questo

427 2897 515 2920 brano
535 2895 565 2920 di
585 2902 706 2920 cronaca
732 2896 754 2918 si
776 2895 970 2927 apprendonO,
997 2894 1070 2918 oltre
1089 2893 1115 2917 le
1136 2894 1242 2916 notizie
1260 2892 1320 2915 bio-

427 2938 548 2970 grafiche
567 2945 598 2962 su
618 2936 718 2961 Giulio
733 2936 843 2967 Cesare,
864 2936 952 2961 anche
972 2937 1146 2960 circostanze
1166 2935 1193 2958 di
1214 2934 1320 2967 grande

429 2980 542 3010 rillevo,
564 2977 625 3004 cioiz
644 2979 693 3003 che
711 2981 810 3011 questo
837 2979 951 3011 signore
973 2978 1041 3002 ebbe
1068 2977 1168 3002 alcune
1193 2979 1266 3001 terre
1285 2976 1320 3000 da

429 3095 447 3120 1.
467 3100 483 3127 7
501 3096 530 3120 et
549 3093 719 3119 Laurentius
740 3093 774 3122 A,
796 3101 823 3126 p.
844 3092 886 3118 26.

1379 1623 1457 1647 Sisto
1477 1624 1507 1646 111
1527 1623 1637 1655 premio
1658 1623 1733 1646 forse
1753 1622 1827 1654 degli
1849 1622 1921 1646 aiuti
1943 1623 2062 1654 prestati
2088 1622 2146 1645 alla
2167 1621 2279 1645 chiesa.

1382 1664 1436 1689 Cio
1457 1668 1618 1689 veramente
1643 1664 1785 1697 giustifica
1805 1665 1969 1688 l’interesse
1989 1665 2023 1688 da
2044 1664 2084 1689 lui
2107 1665 2279 1688 dimostrato

1378 1708 1453 1731 nella
1473 1715 1628 1739 campagna
1648 1710 1752 1731 contro
1774 1709 1781 1730 i
1803 1706 1970 1731 Castellani.

1466 1748 1476 1764 ³
1496 1750 1532 1773 Di
1554 1752 1654 1781 questo
1681 1751 1760 1782 parla
1788 1750 1807 1773 il
1837 1749 1974 1773 Minutoli
2001 1749 2031 1772 in
2053 1756 2108 1773 una
2128 1749 2231 1772 lettera
2251 1748 2279 1771 al

1379 1792 1523 1816 cardinale
1544 1792 1579 1816 da
1590 1793 1688 1822 Pavia,
1702 1792 1870 1816 mostrando
1884 1792 1905 1815 il
1920 1799 1970 1815 suo
1985 1791 2085 1815 dolore
2100 1791 2146 1814 nel
2160 1790 2279 1814 doverlo

1378 1836 1498 1858 lasciare
1518 1835 1626 1858 malato
1645 1842 1661 1858 a
1682 1833 1761 1858 citt&
1781 1835 1809 1858 di
1832 1833 1959 1858 Castello
1979 1841 2089 1866 appena
2108 1833 2192 1857 finito
2217 1832 2279 1856 l'as-

1379 1878 1466 1901 sedio.
1504 1877 1537 1900 V.
1558 1878 1692 1905 Arrmm,
1706 1880 1746 1907 op.
1759 1878 1812 1908 cit„
1835 1884 1860 1908 p.
1882 1875 1922 1907 76.
1962 1876 2127 1900 Cristoforo
2148 1875 2278 1905 Nardini,

1379 1921 1478 1951 nipote
1493 1920 1522 1943 di
1536 1919 1623 1943 Carlo
1638 1919 1760 1943 Nardini
1775 1921 1957 1942 arcivescovo
1972 1919 2000 1942 di
2016 1919 2138 1948 Milarm,
2157 1917 2281 1941 divenne

1378 1964 1522 1986 tinomato
1542 1963 1676 1994 capitano
1696 1969 1711 1985 e
1730 1960 1804 1985 servi
1826 1969 1873 1993 per
1893 1962 1982 1993 lungo
2002 1963 2098 1993 tempo
2120 1961 2146 1984 la
2167 1960 2279 1984 ehiesa.

1378 2004 1441 2035 Egli
1470 2003 1555 2036 sposo
1583 2003 1757 2028 Contessina
1778 2004 1881 2027 sorella
1907 2004 1937 2027 di
1964 2003 2091 2027 Roberto
2120 2003 2280 2026 Maiatesta.

1378 2045 1451 2069 Pino
1481 2045 1624 2075 Ordelaffi,
1638 2045 1768 2076 generale
1788 2045 1863 2068 della
1884 2044 1987 2068 chiesa
2006 2044 2066 2068 alla
2079 2045 2230 2075 conquista
2249 2043 2280 2067 di

1378 2088 1457 2113 Citta
1478 2088 1508 2111 di
1535 2087 1671 2116 Cane—llo,
1689 2088 1717 2111 lo
1739 2086 1857 2111 nomino
1878 2087 1921 2110 fra
1940 2088 1982 2119 gli
2003 2087 2069 2111 altri
2088 2088 2215 2120 capitani
2236 2094 2280 2110 su·
2328 2096 2338 2102 -

1378 2131 1522 2154 bordinati
1546 2139 1559 2154 a
1580 2129 1616 2154 s'e.
1653 2130 1674 2153 E
1689 2131 1779 2161 questi
1802 2131 1928 2161 capitoni
1952 2130 2056 2153 furono
2075 2130 2280 2161 precisamente

1379 2172 1525 2197 Giovanni
1548 2173 1694 2204 Gonzagn,
1720 2172 1944 2196 Giansrancesso
1972 2172 2142 2203 Contiguidi
2170 2171 2278 2203 Bagno,

1377 2216 1409 2239 ed
1425 2215 1584 2239 Antonello
1605 2216 1769 2247 Zampesclii
1792 2215 1819 2238 di
1841 2214 2000 2243 Giovanni‚
2021 2216 2138 2247 signore
2157 2215 2186 2238 di
2208 2214 2278 2238 For-

1379 2258 1544 2290 limpopoh,
1564 2258 1613 2281 che
1634 2258 1801 2282 ricondotto
1816 2258 1842 2280 111
1863 2258 1987 2280 servizio
2008 2256 2082 2281 della
2103 2255 2215 2284 Chiesa‚
2229 2263 2279 2280 an—

1378 2298 1482 2323 (malla
1498 2300 1661 2331 spi-(lizi-›ne
1681 2302 1782 2322 muti-o
1803 2299 1925 2322 iYitt-lli
1946 2300 1972 2322 di
1996 2297 2076 2323 Cittz'i
2097 2299 2126 2322 di
2148 2298 2277 2322 Castello

1379 2342 1423 2365 nel
1447 2348 1522 2373 1474,
1547 2342 1580 2365 ed
1607 2343 1674 2365 ebbe
1695 2350 1764 2372 gran
1786 2344 1865 2374 parte
1887 2342 1930 2365 nel
1951 2342 2185 2373 conseguimento
2204 2340 2279 2364 ‹ii-lla

1378 2386 1507 2408 vittoria.
1546 2385 1591 2408 Ma
1619 2392 1676 2408 non
1703 2385 1811 2408 sembra
1840 2385 1889 2407 cln-
1916 2393 1930 2408 a
1957 2385 2045 2415 lungo
2072 2385 2225 2408 rimanesse
2251 2383 2278 2406 al

1378 2427 1460 2450 soldo
1481 2426 1509 2449 di
1531 2434 1603 2459 papa
1623 2426 1708 2450 Sisto
1746 2427 1846 2450 Infatti
1868 2427 2041 2450 cominciata
2062 2426 2088 2450 la
2115 2432 2215 2458 guerra
2235 2427 2279 2449 tra

1378 2470 1387 2492 i
1402 2469 1564 2493 Florentini
1578 2470 1611 2493 ed
1626 2470 1646 2493 il
1660 2470 1745 2502 Papa,
1761 2471 1868 2493 unitosi
1885 2470 1910 2493 al
1926 2469 2087 2497 Malatesta,
2101 2476 2181 2501 prese
2195 2468 2277 2492 soldo

1377 2511 1454 2535 dalla
1468 2511 1645 2543 Repubblica
1665 2511 1802 2542 (Bosom,
1821 2511 1912 2535 δίαν-ἡκ
1937 2511 1968 2534 ds·
1984 2510 2068 2539 For-li,
2089 2509 2178 2540 Foru,
2202 2509 2277 2538 1826,

1377 2553 1413 2583 ΙΙ,
1433 2561 1478 2586 pp.
1500 2552 1550 2584 178
1570 2560 1584 2577 e
1607 2553 1676 2586 195).

1466 2594 1475 2610 4
1487 2595 1603 2619 Gentile
1617 2596 1751 2627 Virginio
1764 2594 1863 2619 Orsini
1874 2595 1904 2619 di
1915 2595 2089 2628 Napoleone,
2100 2595 2149 2619 che
2162 2594 2277 2618 vissein

1376 2636 1517 2670 gioventh
1537 2639 1593 2662 alla
1614 2641 1691 2662 corte
1711 2638 1783 2669 degli
1804 2638 1974 2670 Aragonesi,
1987 2645 2001 2660 e
2017 2637 2061 2660 nel
2078 2636 2144 2669 1463
2160 2637 2190 2660 fu
2203 2644 2278 2661 crea-

1377 2683 1407 2704 to
1428 2681 1567 2704 cavaliere
1593 2680 1762 2704 dell’ordine
1777 2680 2006 2704 dell'Armellino
2019 2679 2054 2703 da
2074 2686 2102 2703 re
2122 2679 2278 2703 Ferdinan-

1378 2723 1423 2747 do.
1461 2723 1503 2746 Lo
1524 2724 1666 2746 troviamo
1687 2724 1736 2754 qui
1762 2723 1924 2746 all’assedio
1945 2730 1958 2746 e
1979 2722 2024 2745 nel
2051 2719 2117 2753 1478
2137 2722 2183 2746 col
2198 2722 2276 2746 Duca

1377 2766 1407 2789 cii
1428 2765 1561 2789 Calabria
1577 2765 1651 2789 nella
1666 2773 1715 2788 sua
1729 2766 1850 2798 impresa
1871 2767 1972 2788 contro
1994 2765 2003 2787 i
2024 2764 2185 2788 Fiorentini
2201 2765 2276 2796 do'po

1377 2808 1405 2831 la
1419 2809 1556 2839 congium
1570 2808 1615 2832 dei
1636 2807 1731 2831 Pazzi.
1768 2807 1808 2831 Fu
1830 2808 1934 2831 devoto
1954 2815 1968 2830 a
1988 2806 2074 2830 Siste.

1467 2849 1477 2865 5
1498 2850 1618 2873 Ioannes
1638 2850 1766 2881 Baptista
1786 2857 1802 2873 a
1822 2850 1921 2873 Monte
1941 2849 2032 2878 Sicco,
2051 2849 2101 2879 qui
2114 2849 2150 2872 ob
2166 2847 2277 2873 Pactia-

1378 2899 1442 2916 nam
1462 2892 1692 2915 coniurationem
1713 2891 1860 2916 Florentia
1880 2891 1972 2924 capite
1985 2892 2133 2914 truncatus
2145 2892 2186 2914 est
2200 2897 2277 2914 anno

1380 2933 1447 2967 1478
1467 2934 1529 2965 (M).

2305 851 2344 883 10

2305 1117 2342 1148 15

2304 1443 2345 1474 20

2308 1669 2340 1694 35

2308 1883 2343 1908 40

2307 2306 2342 2330 50

2307 2518 2338 2544 55

2303 2720 2340 2745 60
