2388 3439
148 312 215 333 Urbis
225 311 295 333 facies
304 318 360 338 qua-

174 340 202 359 lis
216 342 310 364 propter
325 346 362 360 ru-

174 372 267 387 morem.

148 1007 233 1028 Rumor
255 1008 284 1028 ab
297 1008 355 1033 opti-

173 1035 271 1054 maribus
298 1041 355 1055 nun-

173 1067 240 1085 quam
256 1064 361 1086 receptus

171 1091 191 1107 el
210 1094 287 1113 quare.

149 1701 295 1731 Conscientig
324 1703 359 1723 vis

171 1734 278 1749 nlalea.

142 2277 213 2297 Vicus
227 2277 310 2299 Silicis.

320 2785 353 2802 10

319 2992 350 3017 Ι5

391 184 413 219 6
1120 185 1354 223 ROBERTI
1381 187 1502 224 URSI

385 314 504 346 nuntio
521 314 679 351 certiore,
696 314 841 356 populus
858 315 977 352 omnis,
994 315 1259 347 flavescentibus
1276 315 1428 358 undique
1447 316 1614 359 frugibus,
1632 318 1705 350 sine
1723 319 1953 357 cunctatione,
1970 321 2006 352 in
2022 322 2245 363 proximiores

384 378 486 411 agros
509 371 701 411 promiscue
719 372 961 405 frumentatum
979 373 1174 405 contendit:
1201 379 1234 404 et
1259 373 1294 404 in
1311 383 1369 404 eas
1387 373 1513 404 falcem
1538 373 1732 410 immittere,
1747 380 1781 406 et
1796 374 1885 406 intra
1903 375 2025 407 horrea
2042 375 2244 414 recondere,

385 422 651 466 qualescumque
670 425 807 463 fuerint,
825 427 919 469 vigili
937 426 1118 459 sedulitate
1136 427 1339 469 accingitur,
1357 432 1391 458 et
1408 437 1449 458 eo
1466 427 1670 464 accuratius,
1688 427 1781 469 quod
1797 438 1888 459 anno
1913 429 2087 469 superiore
2105 440 2242 462 annona

387 485 468 507 cara
492 476 614 509 fuerat.
662 477 879 522 Quocunque
904 480 1007 523 igitur
1030 486 1063 512 te
1090 486 1252 517 verteres,
1278 480 1343 523 vig,
1367 479 1474 511 calles
1499 480 1716 523 compitaque
1749 481 1878 513 referta
1902 488 2000 514 erant
2023 483 2136 514 omnia
2159 484 2244 515 mul-

386 528 531 561 titudine
556 530 829 570 discurrentium,
861 544 930 566 non
954 534 1075 566 minori
1108 534 1338 575 trepidatione
1370 544 1472 576 quam
1497 534 1523 565 si
1550 534 1655 566 hostis
1679 545 1698 565 a
1723 540 1821 577 tergo
1841 535 1993 567 instaret.
2039 535 2244 569 Indecorum
2290 538 2309 570 5

386 593 467 614 sane
492 584 721 628 miserumque
747 587 812 619 fuit
836 586 954 619 videre
979 588 1130 619 insuetas
1154 593 1280 619 matres
1312 587 1470 624 familias,
1495 587 1644 629 puberes
1677 588 1805 629 pariter
1829 595 1863 621 et
1887 588 2102 630 impuberes:
2126 590 2245 622 invali-

385 635 516 678 dosque
541 648 641 670 senes
663 639 809 682 grandia
833 651 939 673 onera
962 640 1065 673 dorso
1088 647 1273 684 gestantes,
1292 647 1326 673 et
1353 642 1493 683 insuper
1517 652 1624 684 equos
1649 648 1683 674 et
1706 642 1892 674 sarcinaria
1916 643 2067 675 iumenta
2090 644 2186 686 sequi
2204 655 2247 676 ex

383 690 476 732 agris
493 698 719 724 commeatum
738 693 962 727 subvehentia
977 714 1017 718 —
1032 705 1192 727 curruum
1210 695 1300 727 enim
1317 706 1413 726 usum
1430 705 1499 727 non
1516 695 1645 728 habent
1662 715 1703 718 -
1721 707 1788 738 quo
1806 695 1869 728 sibi
1887 696 2047 728 viaticum
2066 697 2169 729 futuri
2186 708 2246 739 pa-

386 750 502 775 rarent
525 744 617 782 belli,
635 756 712 778 cum
729 758 770 779 eo
786 758 877 780 anno
894 749 961 780 illis
977 748 1116 780 aliunde
1142 759 1210 780 non
1235 754 1443 790 suppeteret.
1475 748 1515 779 In
1539 760 1576 781 re
1600 749 1715 792 itaque
1741 750 1965 782 frumentaria
1990 761 2085 791 spem
2109 761 2244 784 omnem

385 797 631 838 propemodum
655 800 865 839 locaverant,
890 802 970 844 quia
994 803 1029 833 in
1046 802 1130 833 urbe
1148 808 1229 839 tota,
1247 803 1349 834 etiam
1374 808 1561 844 potentum,
1580 803 1702 835 horrea
1728 803 1891 835 exhausta
1917 809 2024 836 erant.
2070 803 2244 838 Fidebant

383 855 498 882 tamen
521 852 701 893 plurimum
725 865 893 897 generose
917 856 1021 888 animi
1046 856 1245 897 prestantie,
1271 855 1390 888 habuit
1414 856 1583 898 siquidem
1607 857 1697 888 omni
1723 863 1925 899 tempestate
1950 856 2031 889 urbs
2048 857 2134 890 haec
2154 858 2245 891 viros

384 903 529 936 sollertis
545 906 702 949 acrisque
720 908 860 951 ingenii,
877 909 995 953 militie
1013 909 1173 952 domique
1191 910 1353 953 insignes,
1371 910 1492 942 litteris
1508 910 1621 955 grecis
1644 911 1826 953 latinisque
1851 910 2040 942 liberaliter
2057 910 2208 944 eruditos
2224 911 2244 943 ¹.

382 955 569 998 Sperantes
584 960 688 1003 igitur
704 961 739 993 in
756 973 873 994 eorum
890 964 1169 1006 magnanimitate
1186 970 1288 1006 atque
1307 963 1503 999 concordia.
1519 964 1733 1006 maximaque
1759 975 1872 997 rerum
1897 964 2119 1006 experientia,
2136 975 2244 998 novos

379 1009 545 1043 bellorum
568 1019 678 1046 motus
701 1015 814 1047 mitius
839 1016 1080 1049 formidabant.
1126 1017 1259 1049 Rumor
1283 1017 1339 1049 hic
1363 1017 1596 1050 advolantium
1622 1018 1767 1050 hostium
1791 1029 1853 1060 per
1877 1018 2070 1050 universam
2094 1018 2232 1059 provin-

385 1063 483 1102 ciam,
508 1072 544 1098 ut
567 1077 630 1108 per
654 1069 888 1110 exploratores
911 1071 1140 1103 renuntiatum
1174 1071 1296 1109 fuerat,
1328 1071 1411 1103 licet
1434 1071 1469 1103 in
1493 1071 1577 1104 urbe
1603 1072 1676 1113 ipsa
1707 1072 1773 1104 iam
1802 1072 1902 1104 latius
1926 1077 2119 1115 vagaretur,
2151 1072 2244 1114 apud

382 1123 497 1150 tamen
520 1120 701 1161 optimates
724 1134 897 1166 nunquam
914 1131 1075 1166 receptus
1099 1125 1173 1162 fuit,
1198 1126 1281 1167 quin
1298 1126 1400 1157 etiam
1424 1125 1520 1157 nihili
1546 1126 1714 1158 fecerunt.
1760 1125 1843 1158 Non
1866 1126 1956 1157 enim
1987 1131 2146 1167 poterant
2175 1136 2244 1158 non

382 1170 538 1204 arbitrari
565 1174 625 1206 hos
650 1175 826 1209 fabulosos
850 1184 885 1210 et
911 1179 1162 1211 commentitios
1187 1179 1261 1210 fore
1286 1190 1450 1213 rumores,
1475 1185 1591 1221 utpote
1616 1180 1674 1222 qui
1699 1190 1828 1211 summo
1846 1179 1999 1221 pontifici
2016 1178 2242 1221 Romaneque

382 1223 561 1258 Ecclesiae
587 1238 722 1270 semper
746 1230 948 1264 deditissimi
974 1232 1122 1270 fuerant,
1148 1239 1182 1264 et
1205 1233 1263 1275 qui
1288 1233 1323 1264 in
1347 1232 1470 1264 finibus
1494 1233 1639 1274 positam
1664 1232 1794 1270 urbem,
1811 1233 1846 1264 in
1859 1232 1963 1264 variis
1988 1232 2155 1264 bellorum
2171 1238 2241 1265 tur-

384 1276 528 1316 binibus,
553 1291 779 1322 sepenumero
811 1292 1005 1317 servassent
1035 1292 1139 1328 atque
1170 1286 1408 1322 adauxissent;
1441 1286 1568 1328 quique
1594 1297 1661 1318 non
1687 1286 1948 1318 substinuissent
1972 1296 2121 1328 unquam
2153 1285 2242 1318 hanc

383 1330 490 1371 ipsam
521 1333 556 1364 in
587 1341 808 1378 tyrannorum
834 1339 1035 1371 inhiantium
1068 1339 1232 1372 ditionem
1265 1340 1457 1377 devenisse,
1482 1341 1565 1382 quin
1596 1340 1697 1371 immo
1721 1339 1887 1372 adversus
1919 1349 1978 1371 eos
2002 1349 2120 1370 omnes
2151 1338 2242 1370 bella

381 1385 528 1426 gessisse
544 1389 767 1428 atrocissima,
792 1402 868 1423 cum
893 1392 1017 1435 quibus
1034 1393 1060 1424 si
1085 1404 1173 1425 nova
1200 1393 1321 1425 federa
1338 1400 1520 1435 percutere
1538 1394 1735 1426 voluissent.
1759 1393 1861 1435 longe
1893 1391 2113 1434 aequioribus
2137 1391 2242 1424 laxio-

382 1437 543 1481 ribusque
568 1441 702 1485 legibus
726 1445 899 1477 vixissent.
945 1446 1154 1478 Incredibile
1180 1458 1255 1478 eam
1279 1446 1324 1478 ob
1340 1458 1411 1478 rem
1429 1447 1605 1488 putabant,
1631 1446 1926 1487 impresentiarum
1951 1456 2079 1477 summa
2103 1445 2139 1476 in
2154 1455 2242 1487 pace

384 1497 418 1522 et
441 1492 476 1523 in
499 1496 681 1537 tranquilla
706 1509 819 1530 rerum
844 1500 993 1532 omnium
1017 1501 1144 1542 quiete,
1158 1501 1293 1532 infestis
1309 1500 1435 1533 adoriri
1454 1501 1584 1532 castris.
1632 1500 1712 1532 Non
1736 1500 1815 1532 ideo
1836 1510 1921 1531 voce
1946 1499 2109 1544 preconia
2126 1498 2242 1531 edixe-

382 1551 468 1583 rant,
493 1547 649 1580 villarum
666 1552 893 1592 supellectilia
910 1554 1033 1595 raptim
1050 1555 1138 1586 intra
1155 1554 1275 1586 urbem
1293 1565 1367 1586 esse
1385 1553 1602 1591 deducenda,
1628 1564 1697 1586 non
1714 1564 1840 1591 servos,
1865 1563 1934 1585 non
1957 1558 2112 1584 armenta
2128 1562 2241 1595 neque

382 1605 519 1631 caetera
544 1601 790 1643 huiuscemodi,
807 1616 874 1651 que(¹
901 1607 946 1639 ad
970 1608 1173 1640 rusticorum
1205 1618 1301 1639 usum
1325 1607 1521 1649 prediorum
1554 1613 1751 1649 comparata
1784 1612 1871 1643 sunt,
1896 1605 1957 1638 sed
1988 1616 2058 1638 non
2080 1604 2241 1648 ambigue

379 1653 578 1691 censebant,
603 1655 631 1686 si
657 1667 773 1689 eorum
805 1660 934 1691 meritis
961 1660 1048 1692 iusta
1080 1660 1245 1693 darentur
1269 1661 1432 1702 praemia,
1460 1661 1609 1692 futurum
1634 1671 1804 1692 rumorem
1831 1659 1954 1691 falsum
1987 1665 2021 1691 et
2051 1659 2087 1690 in
2117 1664 2239 1691 tenues

382 1716 483 1737 auras
507 1718 696 1742 evasurum.
736 1711 863 1755 Magna
888 1714 1047 1755 profecto
1071 1714 1122 1746 vis
1146 1720 1198 1746 est
1220 1714 1323 1745 animi
1352 1720 1446 1746 recte
1472 1714 1628 1751 viventis,
1659 1714 1716 1756 qui
1748 1712 1910 1756 quamvis'
1934 1712 2168 1755 impendentia
2191 1711 2243 1745 di-

381 1759 539 1791 scrimina
565 1763 761 1804 prospiciat,
785 1771 899 1797 tamen
922 1766 1032 1797 minus
1049 1766 1262 1807 perhorreat,
1275 1767 1310 1798 in
1335 1766 1406 1798 sola
1430 1766 1519 1798 bene
1543 1772 1717 1809 gestorum
1742 1777 1882 1808 sperans
1897 1765 2124 1802 conscientia3
2140 1776 2240 1808 quae,

381 1810 461 1843 dum
486 1814 635 1847 candida
660 1822 720 1849 est.
745 1827 814 1849 non
838 1818 934 1850 timet
957 1819 1054 1850 siculi
1084 1825 1251 1851 tormenta
1283 1820 1430 1862 tyranni,
1462 1830 1531 1851 non
1554 1820 1713 1856 tonitrua,
1745 1830 1813 1851 non
1839 1819 1986 1862 fulgura,
2017 1829 2086 1850 non
2117 1819 2239 1851 iratum

381 1864 506 1897 Iovem.
554 1867 612 1898 Nil
631 1875 682 1900 est
698 1880 779 1901 sane
796 1869 997 1907 'iucundius
1013 1872 1097 1903 nihil
1116 1872 1276 1907 sanctius,
1293 1883 1395 1914 quam
1411 1872 1574 1904 memoria
1592 1873 1681 1904 bene
1697 1878 1775 1904 acte
1793 1872 1872 1903 vite.
1918 1870 1976 1903 Sic
1994 1872 2109 1913 itaque
2125 1871 2238 1913 palam
2262 1873 2305 1904 30

380 1918 473 1959 apud
497 1920 650 1961 trepidos
674 1923 768 1954 cives
795 1923 961 1955 Nicolaus
989 1924 1133 1956 Vitellus
1157 1924 1351 1966 praedicat:
1386 1925 1475 1970 fame
1499 1935 1568 1957 non
1593 1936 1667 1956 esse
1693 1924 1904 1956 credendum
1935 1924 2094 1966 bonoque
2125 1925 2238 1957 animo

381 1982 498 2004 omnes
523 1984 597 2005 esse
622 1974 726 2007 iubet.
751 1976 814 2007 His
838 1976 1000 2009 brevibus
1024 1977 1243 2010 fluctuantem
1269 1978 1430 2020 popolum
1455 1977 1519 2009 sibi
1543 1977 1790 2010 deditissimum
1815 1977 1952 2009 omnino
1977 1978 2132 2010 firmavit.

2271 805 2309 837 10

2272 1073 2309 1105 15

2268 1339 2309 1371 20

2266 1604 2306 1637 25

768 2086 850 2118 PINI
875 2087 1092 2119 ORDELAPHI
1118 2098 1308 2120 ADVENTUS
1332 2099 1370 2119 IN
1394 2098 1525 2121 AGRUM
1549 2097 1812 2120 TIPHERNATEM
1825 2087 1847 2118 ²-

468 2164 602 2197 Interea
627 2165 707 2197 dum
733 2178 846 2198 rumor
871 2168 926 2199 hic
952 2168 1053 2211 longe
1079 2168 1215 2210 lateque
1241 2169 1275 2199 in
1292 2167 1366 2200 dies
1382 2169 1490 2211 magis
1514 2168 1780 2205 increbesceret,
1798 2168 1890 2209 prior
1905 2179 1947 2199 ex
1963 2168 2129 2200 Flaminia
2147 2180 2236 2211 pene

379 2217 562 2258 insperato,
579 2229 699 2262 agrum
716 2220 954 2261 tiphernatem,
973 2227 1132 2262 superato
1148 2221 1344 2262 Apennino,
1361 2220 1465 2253 Pinus
1482 2221 1701 2262 Ordelaphus
1718 2222 1836 2253 tertius
1847 2222 1869 2255 ³.
1887 2232 1955 2253 non
1971 2222 2081 2253 minus
2094 2222 2235 2254 consilio
2260 2222 2301 2254 35

382 2280 483 2312 quarn
510 2271 610 2303 bellis
634 2272 757 2309 clarus,
776 2284 843 2305 non
861 2274 1027 2306 hostiliter
1044 2275 1227 2317 ingressus,
1245 2275 1302 2316 qui
1321 2274 1482 2317 progredi
1508 2275 1642 2318 longius
1666 2275 1837 2310 simulans,
1862 2275 1954 2316 apud
1977 2275 2101 2307 Vicum
2121 2274 2235 2307 Silicis

470 2400 476 2416 ¹
499 2401 555 2429 Qui
577 2404 748 2428 certamente
769 2404 887 2428 l'autore
900 2404 995 2428 allude
1010 2413 1024 2428 a
1038 2404 1188 2436 Gregorio,
1200 2405 1279 2429 detto
1336 2404 1437 2429 minus.
1457 2404 1532 2428 filius
1553 2405 1685 2430 Antonii.
1706 2405 1807 2429 tertius
1827 2405 1911 2429 huius
1932 2405 2057 2429 nominis
2078 2405 2142 2435 fuit,
2169 2413 2233 2429 nam

380 2443 536 2471 Tifer-nate,
557 2452 570 2468 e
591 2453 605 2468 a
626 2445 704 2469 Lilio
725 2445 917 2477 Archilibelli,
940 2447 1065 2470 latinisti
1086 2455 1099 2470 e
1118 2447 1235 2478 gre-cisti
1249 2447 1276 2470 di

379 2486 487 2517 grande
508 2487 603 2510 valore
624 2496 638 2511 e
659 2489 829 2512 abbastanza
849 2490 1021 2513 conosciuti.

468 2526 479 2543 ²
497 2527 607 2553 Giunse
618 2529 691 2554 Pino
705 2532 732 2554 a’
746 2537 777 2561 23
792 2532 900 2562 giugno
914 2539 965 2554 con
982 2538 1034 2563 3⁰0
1047 2531 1151 2555 cavalli
1166 2540 1179 2555 ‹-
1194 2532 1274 2556 molti

1335 2446 1471 2470 secundus
1492 2446 1566 2470 filius
1595 2447 1686 2470 suerat
1707 2447 1831 2472 Ioannis.
1851 2449 1877 2471 et
1901 2447 2009 2479 primus
2030 2449 2112 2471 natus
2131 2449 2173 2471 est
2198 2455 2232 2471 ex

1333 2487 1496 2520 Ordelapho
1510 2488 1663 2512 Sinibaldi.
1702 2489 1779 2512 Hanc
1793 2491 1904 2521 gentem
1919 2497 1953 2512 ex
1973 2489 2107 2513 Tarvisio
2121 2491 2231 2521 partam

1332 2530 1434 2554 volunt
1461 2531 1622 2562 scriptoreS.
1660 2531 1741 2554 Hunc
1770 2531 1872 2554 Pinum
1899 2531 2056 2563 respiciunt
2089 2531 2229 2563 epigram-

380 2568 427 2601 piu
454 2570 534 2597 santi„
563 2577 632 2594 2000
659 2571 686 2594 in
715 2573 802 2595 tutto.
834 2571 875 2595 Fu
901 2579 958 2595 uno
984 2573 1028 2596 dei
1056 2569 1106 2605 piu
1134 2573 1276 2596 nominati
1331 2573 1407 2595 mata
1434 2572 1523 2604 plura,
1550 2579 1619 2603 quae
1647 2580 1710 2596 mss.
1737 2573 1924 2596 inveniuntur
1953 2573 2027 2597 inter
2053 2580 2085 2597 ea
2110 2573 2230 2597 Roberti
2260 2579 2294 2596 20

378 2612 515 2643 guerrieri
536 2613 580 2637 del
601 2615 705 2645 tempo.
744 2614 798 2638 Era
825 2615 938 2645 signore
965 2614 992 2637 di
1020 2612 1099 2638 Forli
1130 2614 1176 2638 dal
1202 2614 1276 2646 1466,
1331 2614 1418 2637 Ursii.
1453 2614 1493 2637 Ex
1510 2614 1546 2637 iis
1561 2615 1680 2638 alterum
1696 2615 1815 2646 incipit:
1832 2614 1937 2638 Tertius
1955 2614 2133 2646 Ordelaphum
2145 2615 2232 2639 Pinus

379 2661 456 2677 anno
478 2655 506 2677 in
527 2655 571 2678 cui
592 2655 648 2686 egli
670 2655 742 2679 tolse
762 2655 789 2678 la
809 2655 943 2686 Signoria
963 2656 1039 2680 della
1059 2653 1129 2679 cirta
1150 2664 1163 2679 a
1184 2655 1275 2679 Cecco
1330 2655 1462 2678 Mavortia
1473 2655 1569 2685 proles,
1581 2656 1666 2679 Pinus
1677 2656 1810 2678 Flaminii
1819 2656 1905 2684 gloria
1915 2657 2006 2687 prima
2015 2656 2079 2687 poli.
2099 2657 2229 2680 Alterum

380 2694 512 2719 Ordelaffi
540 2703 589 2719 suo
618 2696 733 2720 fratello
759 2695 937 2727 (MARCHESI,
965 2697 1150 2728 Supplemento
1175 2699 1278 2721 istoria-0
1329 2696 1453 2719 Plurima
1472 2704 1529 2720 sum
1549 2700 1649 2727 semper
1667 2697 1759 2720 solitus
1777 2700 1834 2724 tna,
1854 2697 1930 2724 Fine,
1947 2698 2077 2728 probare,-
2095 2698 2126 2720 id
2142 2700 2229 2721 tamen

378 2736 527 2760 dell’antica
546 2738 610 2761 cited
624 2738 654 2760 di
666 2738 752 2765 Foru,
772 2736 861 2765 Forll,
885 2738 960 2769 1678,
974 2747 1020 2771 pp.
1035 2738 1154 2770 486-90).
1193 2739 1274 2763 Com-
1330 2738 1454 2765 exclamo,
1470 2739 1604 2769 praedico,
1624 2739 1703 2762 lando
1717 2740 1800 2769 magis
1814 2739 1873 2769 (M).
1911 2740 1963 2762 Per
1977 2739 2003 2763 le
2015 2739 2125 2763 notizie
2138 2746 2170 2763 su
2184 2739 2228 2763 Pi-

378 2777 455 2803 batte
475 2779 519 2803 col
539 2780 674 2804 Colleoni
694 2782 738 2812 pei
757 2781 909 2805 fuorusciti
925 2781 1080 2809 florentini,
1101 2782 1199 2812 quindi
1222 2789 1275 2805 con
1332 2788 1367 2803 no
1389 2780 1522 2804 Ordelaffi
1544 2789 1569 2804 v.
1590 2781 1754 2807 B1ARCHESI.
1774 2784 1812 2811 op.
1838 2782 1891 2808 cit..
1911 2789 1957 2813 pp.
1978 2788 2027 2813 407
2045 2773 2062 2805 ‘e
2082 2789 2156 2813 segg.
2258 2791 2289 2816 ²5

379 2820 554 2846 Alessandro
580 2822 678 2846 Ssorza
705 2822 804 2853 slgnor
824 2822 853 2846 di
875 2823 978 2847 Pesaro
998 2831 1012 2847 e
1032 2830 1086 2847 con
1107 2824 1185 2848 altri.
1222 2823 1274 2847 Nel

382 2861 456 2893 1469,
483 2863 618 2887 mandato
644 2864 689 2887 dal
716 2864 800 2895 Papa,
829 2863 938 2889 assedit>
957 2864 1084 2889 Roberto
1105 2866 1135 2887 in
1155 2864 1275 2889 Rimini.

379 2901 453 2928 Mor}
477 2904 521 2927 nel
545 2904 613 2934 1480
631 2904 815 2935 (MANNUCCJ,
840 2905 1014 2929 Dell’assedto
1034 2906 1065 2928 di
1086 2905 1157 2930 citt&
1177 2907 1207 2929 dx*
1227 2907 1275 2930 Ca-

379 2944 461 2974 stello,
480 2944 609 2977 Perugia,
638 2945 713 2973 1866.
733 2954 758 2977 p.
779 2946 834 2978 97).

467 2984 478 3001 3
496 2987 592 3017 Pinus,
608 2987 692 3012 aliter
709 2988 858 3012 Iacobinus
873 2988 1060 3021 Ordelaphus,
1074 2989 1211 3013 Forilivii
1226 2989 1275 3013 do-

1420 2823 1582 2849 LAURENZI.
1605 2823 1673 2846 Hz'st.
1688 2823 1736 2846 cit.
1757 2831 1779 2846 c.
1799 2831 1847 2854 49'
1869 2823 1974 2855 (Aaou.
1991 2824 2089 2847 MAGH.
2104 2822 2223 2855 GRAz.):

1331 2863 1412 2896 [1474
1433 2865 1483 2888 alli
1500 2871 1530 2896 ²3
1546 2865 1575 2888 di
1589 2864 1709 2896 giugnol
1727 2864 1741 2876 “
1753 2872 1842 2889 venne
1864 2866 1883 2889 il
1905 2867 1984 2897 sig.re
1997 2865 2070 2890 Pino
2092 2866 2126 2889 da
2146 2863 2225 2889 Forn

1333 2905 1409 2929 “con
1431 2913 1483 2937 300
1502 2906 1604 2930 cavalli
1628 2907 1656 2929 in
1678 2907 1751 2929 circa
1772 2907 1799 2929 et
1819 2914 1871 2930 con
1893 2907 1994 2930 alcuno
2016 2907 2092 2931 sante
2112 2914 2128 2930 a
2148 2907 2224 2939 piedi

1333 2947 1370 2971 “e
1391 2956 1443 2972 con
1465 2948 1506 2972 lui
1526 2955 1572 2972 era
1593 2956 1695 2972 messer
1714 2947 1841 2972 Lorenzo
1863 2948 1895 2972 de
1916 2947 2017 2972 messer
2038 2948 2162 2973 Amodio
2183 2949 2226 2973 de’

1333 2989 1488 3014 “Giustini
1509 2991 1587 3014 esulo
1608 2991 1635 3014 di
1658 2989 1786 3015 Castello
1806 2997 1820 3013 e
1841 2991 1921 3014 molti
1943 2990 2009 3014 altri
2033 2990 2127 3020 usciti,
2149 2998 2162 3014 e
2177 2998 2225 3023 po-
2255 2998 2289 3022 30

466 3102 485 3126 l.
503 3101 521 3126 6
539 3103 747 3135 -invalidosque
774 3105 803 3133 T,
823 3112 845 3128 c.
860 3103 919 3136 677.
942 3117 973 3122 -
995 3105 1013 3129 l.
1037 3111 1067 3137 13
1087 3104 1235 3138 Sperantes
1257 3106 1288 3136 Α,
1310 3113 1336 3139 p.
1353 3105 1392 3130 18.
1409 3119 1438 3124 -
1460 3106 1478 3130 1.
1498 3111 1539 3137 27.
1559 3105 1752 3139 impendentia
1767 3106 1800 3136 A,
1820 3112 1846 3138 p.
1870 3112 1910 3138 19.
1931 3118 1962 3123 -
1983 3105 2001 3129 1.
2021 3111 2056 3137 30
2070 3105 2220 3130 iucundIus

386 3147 415 3175 T,
434 3153 456 3170 c.
473 3145 505 3179 67
511 3145 536 3172 8.
