2388 3439
153 1028 281 1054 lncrepatio
318 1028 362 1047 Du-

178 1062 229 1076 cum
255 1054 309 1074 belli
335 1054 363 1074 ad

179 1082 262 1102 milites
271 1084 367 1101 retroce-

177 1109 263 1129 dentes.

154 1242 253 1272 Mil-itum
275 1247 366 1266 respon-

180 1275 220 1288 510.

381 215 429 251 30
1107 208 1335 244 ROBERTI
1363 206 1483 242 URSI

378 345 492 370 tamen
516 336 629 368 adhuc
654 334 922 367 discriminosius
945 332 1119 368 incohant,
1152 331 1287 372 telaque
1319 330 1468 370 desuper
1492 329 1698 360 validissime
1731 327 1862 365 librata,
1888 334 1922 360 et
1945 328 2089 371 glandes
2119 334 2222 370 atque

380 391 520 434 sagittas
544 389 738 421 discutiunt.
764 386 886 429 quibus
911 386 975 416 iarn
1002 385 1141 426 propius
1166 393 1364 426 suggressos
1389 383 1490 425 longe
1517 388 1646 413 arcent.
1693 381 1749 413 Ab
1776 380 1927 413 hostibus
1952 392 2033 413 vero
2057 388 2225 414 tormenta

379 443 559 476 omnifaria
584 447 793 484 torquentur,
819 437 1123 480 scorpionibusque
1149 436 1339 478 oppidanos
1364 436 1508 467 feriunt:
1533 445 1675 477 quorum
1700 441 1767 466 tam
1791 435 1957 477 grandem
1982 435 2115 476 copiam
2133 447 2173 467 ea
2190 436 2225 467 in

380 508 495 541 pugna
521 496 721 531 habuerunt,
747 500 781 525 ut
805 492 1019 523 multitudine
1044 491 1187 523 telorum
1213 490 1490 532 sagittarumque,
1515 489 1668 530 proxima
1696 489 1858 529 pomeria,
1887 489 2100 526 munitiones,
2125 489 2226 520 turris

380 551 598 592 tabulataque
623 548 745 583 01111113,
759 543 920 587 undique'
936 545 1068 576 confixa
1093 549 1325 575 cernerentur.
1374 542 1438 573 Hic
1463 542 1522 573 diu
1546 553 1588 573 ex
1601 552 1710 583 aequo
1728 548 1914 584 pugnatum
1932 548 1992 579 est,
2017 543 2089 583 pari
2114 543 2225 574 studio

382 611 484 646 atque
508 603 617 645 gloria
645 602 758 633 hostes
781 606 883 641 atque
908 598 1098 639 oppidanos
1123 596 1326 628 stimulante.
1373 594 1665 626 Concurrentibus
1689 601 1802 626 tamen
1826 595 1977 636 undique
2002 601 2036 626 et
2066 595 2228 638 ingruen-

381 657 470 689 tibus
495 655 656 691 hostibus,
689 654 721 684 hi
748 653 803 695 qui
829 652 873 683 ad
897 650 1074 683 tutandum
1099 660 1261 692 aggerem
1287 648 1474 680 secundum
1498 654 1690 689 praeerant,
1722 648 1805 679 nihil
1830 648 1974 689 amplius
1999 648 2228 680 cunctandum

382 710 456 746 rati,
480 715 658 750 postquam
683 706 784 736 armis
801 704 984 736 detrudere
1002 709 1186 744 nequeunt,
1212 702 1382 742 extemplo
1407 700 1570 732 adversus
1595 700 1732 732 eosdem
1757 701 1845 731 inter
1869 701 2042 743 angustias
2065 711 2229 744 aggerum

384 761 627 804 deprehensos,
641 760 755 802 ignem
772 758 892 789 artifici
910 767 1011 787 manu
1025 756 1248 796 compositum
1265 754 1466 790 iaculantur,
1491 753 1653 794 sulphure
1671 764 1712 784 ac
1729 754 1806 794 pice
1825 753 1981 785 fomenta
2005 760 2229 796 suggerente:

383 816 440 857 qui
465 814 575 846 statim
589 819 682 845 tanto
696 811 817 843 robore
832 810 991 847 inclusos,
1005 816 1039 840 et
1062 809 1107 840 ad
1132 808 1308 839 victoriam
1333 807 1509 843 animatos,
1527 807 1700 847 corripuit,
1718 812 1753 838 ut
1770 807 1832 837 nisi
1850 807 1987 838 reiectis
2003 807 2104 838 armis
2121 806 2232 838 subita

386 869 466 910 fuga
492 866 553 898 sibi
580 865 792 907 rapidissime
818 863 1046 898 consulerent,
1071 872 1149 892 mox
1174 861 1318 892 fuissent
1335 870 1452 891 omnes
1469 860 1513 890 ad
1531 870 1632 890 unum
1650 860 1869 891 concremati.
1917 859 2018 891 Brevi
2036 870 2172 902 nanque
2195 865 2233 892 ut

391 921 516 963 fulgur,
540 919 627 952 adeo
653 917 835 952 convaluit,
854 923 888 948 ut
906 916 984 947 huic
1002 915 1140 957 quidem
1166 925 1311 950 manum,
1330 913 1392 944 'illi
1412 913 1546 954 pedem,
1572 913 1651 944 huic
1676 923 1764 950 crus,
1788 913 1836 943 illi
1862 923 1931 950 ora,
1949 923 2088 954 prorsus
2118 913 2234 946 defor-

386 974 545 1010 maverit,
564 979 597 1004 et
621 972 745 1004 nedum
770 971 903 1006 milites,
928 980 1045 1000 verum
1071 969 1172 1000 etiam
1196 978 1289 998 arma
1306 968 1380 1008 ipsa
1398 973 1431 998 et
1448 978 1528 997 saxa
1546 966 1721 998 exusserit.
1769 965 1848 1003 Qua
1864 972 2005 1008 propter
2022 966 2102 998 belli
2127 967 2234 999 duces

387 1034 478 1059 retro
503 1025 705 1058 cedentibus
730 1024 798 1055 suis
821 1023 972 1066 graviter
997 1021 1242 1057 afficiebantur,
1268 1031 1391 1062 magna
1416 1020 1518 1062 igitur
1543 1030 1638 1055 voce,
1663 1019 1844 1060 multisque
1870 1019 1993 1057 verbis,
2018 1019 2094 1051 illos
2122 1019 2235 1052 obiur-

392 1091 474 1124 gare
500 1090 568 1111 non
591 1079 760 1111 desinunt.
808 1075 1078 1108 Percunctantes
1095 1085 1165 1110 cur,
1184 1080 1280 1115 parta
1297 1074 1363 1104 13111
1379 1073 1499 1116 gloria,
1518 1079 1584 1104 tam
1602 1073 1745 1113 turpiter
1770 1072 1965 1115 diffugiant,
1990 1079 2024 1104 et
2040 1083 2118 1105 mox
2133 1073 2236 1105 irritis

389 1132 680 1166 exhortationibus
696 1131 800 1162 multa
818 1129 1023 1161 interminati
1042 1129 1232 1169 increpant,
1250 1127 1434 1168 iubentque
1453 1133 1486 1158 ut
1498 1127 1542 1158 ad
1560 1127 1741 1169 negocium
1759 1137 1859 1168 quam
1877 1126 2056 1158 celerrime
2074 1127 2236 1159 redeant:

387 1188 552 1229 tantisper
576 1187 625 1218 eis
649 1184 894 1217 elaborandum
919 1193 1108 1224 superesse,
1134 1188 1169 1213 ut
1186 1187 1414 1223 expugnatam
1432 1180 1679 1222 propemodum
1703 1179 1822 1211 urbem
1847 1180 2093 1222 ingrediantur,
2118 1179 2237 1212 urbem

391 1241 529 1284 effugiis
553 1239 709 1275 obsessis,
734 1238 838 1269 multo
863 1242 1016 1279 argento,
1048 1235 1201 1277 gemmis,
1229 1244 1312 1265 auro
1338 1234 1611 1265 refertissimam:
1638 1233 1760 1264 milites
1777 1244 1859 1264 vero
1884 1243 1951 1264 non
1976 1233 2146 1274 111-00111118,
2171 1244 2239 1266 non

388 1294 566 1330 mandatis,
583 1303 651 1324 non
668 1291 799 1333 opibus,
817 1301 885 1322 non
902 1290 1050 1331 denique
1068 1289 1167 1319 minis
1183 1294 1372 1321 moventur,
1387 1287 1447 1318 sed
1463 1297 1577 1317 eorum
1597 1286 1745 1317 omnium
1762 1287 1987 1323 immemores,
2004 1286 2131 1329 ignium
2148 1287 2240 1318 iactu

389 1346 609 1379 circumventi
634 1352 735 1387 atque
753 1344 892 1386 perusti,
910 1343 1025 1385 fugam
1042 1342 1249 1374 accelerant.
1267 1348 1300 1372 et
1317 1351 1392 1372 cum
1408 1340 1559 1371 hostibus
1577 1339 1825 1375 robustissimis,
1850 1340 1999 1381 igneque
2024 1339 2241 1371 scaevissimo

389 1399 619 1432 dimicandum
646 1398 784 1429 ulterius
809 1396 971 1428 abnuunt.
1019 1395 1176 1426 Membra
1200 1394 1348 1435 telaque,
1373 1404 1536 1434 armaque
1563 1392 1705 1424 exhusta
1731 1392 1921 1433 proterunt,
1940 1399 1973 1423 et
1990 1403 2064 1423 sese
2082 1391 2126 1424 ad
2151 1392 2242 1424 bella

391 1453 558 1485 inhabiles
583 1452 735 1483 redditos
761 1456 984 1491 conquerunt,
1011 1449 1054 1480 ad
1087 1448 1229 1479 evidens
1262 1447 1399 1478 exitium
1432 1446 1545 1477 redire
1575 1447 1729 1476 insanum
1755 1446 1914 1480 clamant,
1940 1452 1973 1477 et
1997 1452 2092 1477 certo
2109 1446 2243 1478 -certius

393 1518 466 1539 esse
483 1506 612 1542 dicunt,
629 1511 818 1547 argentum,
835 1513 997 1546 gemmas,
1010 1513 1127 1533 aurum
1145 1509 1248 1542 atque
1273 1511 1356 1541 opes
1381 1500 1520 1531 mortuis
1545 1500 1741 1531 adiumento
1766 1510 1938 1541 nunquam
1965 1499 2080 1530 fuisse.
2124 1498 2186 1530 His
2210 1505 2250 1531 et

393 1559 516 1593 talibus
540 1559 633 1591 clara
658 1568 743 1590 voce
768 1557 897 1594 effusis,
923 1556 1021 1600 venie
1047 1556 1159 1587 10011111
1184 1553 1276 1595 apud
1302 1553 1381 1584 belli
1408 1552 1514 1584 duces
1539 1553 1707 1595 egerrime
1732 1553 2010 1593 impetraverunt.

858 1743 1046 1775 RECEPTUI
1071 1751 1244 1778 CANITUR,
1269 1749 1447 1772 VICTORIA
1473 1749 1541 1770 IAM
1565 1748 1789 1770 DESPERATA.

485 1872 676 1914 Desperata
698 1871 812 1912 itaque
839 1880 880 1900 ex
905 1867 1061 1899 omnibus
1085 1866 1238 1908 partibus
1262 1865 1415 1902 victoria,
1441 1864 1555 1896 hostes
1579 1864 1717 1896 circiter
1742 1863 1919 1896 meridiem
1936 1863 2090 1906 receptui
2107 1869 2244 1901 canunt,

395 1939 461 1970 que
485 1937 539 1958 res
564 1936 632 1957 non
655 1925 819 1955 minorem
845 1920 1079 1954 obsidentibus
1103 1920 1256 1956 letitiam,
1281 1930 1382 1961 quam
1407 1918 1571 1950 obssessis
1595 1918 1724 1953 attulit;
1750 1917 1783 1948 hi
1817 1918 1917 1954 enim,
1949 1918 2011 1949 nisi
2043 1917 2155 1960 pudor
2185 1917 2245 1950 ob·-

397 1978 556 2017 stitisset,'
582 1990 618 2010 re
644 1978 773 2009 infecta
799 1976 931 2018 pridem
956 1976 990 2006 in
1007 1981 1119 2006 castra
1136 1984 1210 2005 sese
1226 1973 1454 2013 recepissent:
1479 1971 1643 2003 dissoluta
1661 1971 1763 2013 igitur
1780 1981 1906 2013 pugna,
1923 1971 2047 2004 milites
2063 1973 2245 2015 sanguino-

398 2035 479 2066 lenti
504 2044 544 2065 ac
570 2033 682 2064 tristes
705 2032 740 2062 in
764 2036 874 2062 castra
899 2028 1149 2071 regrediuntur,
1175 2034 1208 2058 et
1231 2027 1401 2069 ignaviam
1426 2025 1672 2061 centurionum,
1697 2035 1737 2055 ac
1764 2024 1842 2055 belli
1868 2025 2003 2062 ducum,
2025 2026 2246 2066 pertinaciter

2259 806 2297 837 10

2264 1071 2300 1103 15

2266 1340 2307 1370 20

2267 1739 2308 1771 25

165 2089 290 2111 Υ““““““’
310 2088 374 2111 ‘¹⁸³5'
399 2093 571 2123 accusant,
603 2085 664 2117 sed
689 2095 804 2116 eorum
830 2083 973 2114 maxime
999 2082 1145 2123 pessima
1170 2087 1373 2112 execrantur
1397 2079 1549 2115 consilia,
1575 2079 1631 2120 qui
1650 2078 1794 2119 primum
1812 2078 2043 2123 oppugnandg
2060 2079 2154 2111 urbis
2170 2091 2246 2112 sen-
2269 2081 2311 2112 30

189 2116 268 2135 11011111.

401 2141 540 2173 tentiam
566 2137 884 2179 comprobaverunt.
924 2135 1102 2166 Vulnerati
1128 2135 1163 2165 in
1188 2134 1252 2164 hac
1272 2143 1396 2175 pugna,
1422 2144 1463 2163 ex
1495 2131 1648 2163 hostibus
1680 2131 1812 2172 equites
1836 2141 1938 2168 cxxx,
1970 2133 2090 2163 mortui
2122 2142 2179 2171 XL,
2203 2143 2246 2166 ex

165 2198 276 2216 ¹⁰¹¹³¹¹¹¹e³
327 2196 366 2214 ¹³³·
390 2194 534 2226 ducibus
558 2193 696 2233 insuper
712 2191 882 2222 Iohannes
900 2189 1099 2231 Bagnensis‚
1116 2188 1217 2218 Ianus
1234 2184 1347 2218 Cro'ia
1367 2192 1400 2217 et
1418 2185 1521 2216 Iulius
1539 2184 1689 2221 Camers,
1707 2185 1811 2216 saucii
1826 2184 1951 2216 redditi
1969 2192 2056 2217 sunt.
2073 2185 2246 2228 Oppidani

189 2224 287 2247 gnensis,
300 2223 367 2241 lanus

165 2251 239 2273 (Troia,
251 2250 320 2269 lulius
329 2249 369 2268 Ca-

196 2282 260 2296 111015.

168 2455 248 2475 Lentia
257 2453 380 2478 oppidano-

193 2488 248 2501 111111.

171 2570 311 2594 ἵκῃ-1101311,
328 2569 376 2588 vu!-

195 2601 273 2617 ΙΙὲΓΔΗ.

172 2732 255 2751 Rumor
265 2733 382 2753 oppugna-

198 2757 265 2776 tinnis
274 2761 382 2775 wuoran-

196 2784 231 2803 de.

393 2254 505 2279 autem
529 2246 672 2281 alacres,
690 2251 723 2276 et
740 2244 863 2275 fiducia
889 2243 991 2283 pleni,
1016 2241 1234 2273 discedentes
1259 2240 1382 2276 hostes,
1408 2239 1524 2270 infami
1551 2238 1700 2269 clamore
1726 2238 1894 2279 variisque
1928 2238 2103 2271 tinnitibus
2130 2240 2249 2272 iucun-

402 2301 538 2334 dissime
562 2299 705 2332 insecuti
732 2304 818 2329 sunt.
867 2297 1008 2327 Demum
1033 2295 1120 2327 intra
1144 2294 1257 2325 menia
1281 2304 1358 2324 mox
1382 2293 1576 2329 redeuntes,
1601 2291 1885 2333 gratulationibus
1910 2292 2033 2323 mutuis
2049 2299 2152 2335 atque
2177 2304 2247 2325 am-

400 2353 555 2396 plexibus
580 2352 662 2383 urbe
688 2357 757 2383 tota
782 2350 943 2385 exultant,
969 2360 1028 2379 sua
1052 2348 1229 2389 praeclara
1255 2347 1409 2378 facinora
1441 2345 1605 2381 referunt,
1631 2345 1783 2385 pericula
1809 2351 2008 2377 enumerant
2038 2356 2079 2378 ac
2107 2347 2248 2379 vulnera

401 2407 593 2442 ostendunt,
611 2412 645 2437 et
660 2416 722 2447 pro
740 2404 869 2445 patriae
887 2403 994 2434 salute
1019 2402 1171 2444 gaudent
1196 2407 1331 2431 strenue
1357 2410 1397 2430 ac
1419 2399 1549 2430 sortiter
1570 2408 1750 2440 pugnasse,
1769 2405 1802 2429 et
1827 2397 1979 2430 hostibus
2003 2399 2170 2438 disclusis,
2194 2412 2249 2432 ur-

404 2463 481 2494 bem
506 2469 659 2491 servasse
683 2457 823 2498 ancipiti
849 2456 968 2497 prelio.
1014 2454 1149 2486 Nicolai
1175 2464 1310 2495 quoque
1336 2452 1452 2484 Vitelli
1482 2462 1606 2483 nomen
1630 2461 1670 2482 30
1696 2452 1853 2482 virtutem
1877 2451 1922 2483 ad
1946 2452 2057 2483 celum
2082 2453 2248 2486 afferunt:

402 2516 490 2546 hanc
514 2520 628 2545 tamen
652 2511 791 2542 letitiam
825 2508 1061 2541 incredibilem
1086 2517 1197 2538 meror
1230 2517 1343 2538 comes
1369 2516 1386 2536 e
1413 2505 1555 2547 vestigio
1588 2504 1785 2546 insequitur,
1810 2515 1911 2546 quam
1936 2515 2111 2537 caesorum
2140 2507 2250 2540 luctus

402 2567 567 2600 debilitat.
613 2565 665 2596 Ex
689 2564 836 2596 obsessis
859 2573 941 2594 vero
966 2568 1125 2604 quattuor
1149 2571 1251 2601 supra
1275 2559 1412 2601 triginta
1438 2558 1604 2590 vulnerati
1631 2564 1717 2591 sunt,
1734 2558 1931 2600 desyderati
1957 2560 2093 2592 omnino
2110 2560 2249 2598 decem3

405 2621 526 2664 quibus
551 2618 705 2651 omnibus
734 2628 795 2659 pro
827 2627 887 2648 sua
918 2615 1096 2658 dignitate,
1120 2614 1214 2646 iustis
1243 2613 1433 2654 persolutis,
1465 2612 1639 2652 sepultura
1671 2611 1809 2652 publico
1834 2618 1969 2653 sumptu
1991 2614 2249 2655 apparatissime

405 2674 577 2716 persoluta
602 2678 662 2703 est.
709 2671 801 2702 Inter
827 2670 912 2701 haec
939 2669 1094 2711 vulgatur
1120 2678 1204 2703 craS,
1229 2672 1287 2698 aut
1310 2667 1354 2697 ad
1380 2676 1543 2696 summum
1561 2665 1738 2706 perendie,
1752 2665 1866 2696 hostes
1890 2665 1935 2696 ad
1959 2668 2249 2710 oppugnationem

405 2728 583 2763 redituros,
600 2732 634 2757 et
650 2724 694 2756 ob
711 2725 744 2756 id
762 2724 879 2755 turrim
896 2723 1000 2753 ferire
1018 2732 1086 2753 non
1102 2720 1336 2756 intermittunt,
1354 2719 1527 2750 materiam
1545 2718 1589 2750 ad
1608 2717 1827 2749 fabricandas
1844 2719 2019 2751 machinas
2036 2721 2250 2759 contrahunt,

409 2779 569 2822 oppidani
588 2776 722 2820 pariter'
739 2777 851 2808 onmia
869 2777 1066 2811 instaurant,
1084 2774 1196 2805 omnia
1212 2773 1375 2803 muniunt.
1419 2771 1570 2803 Murices
1596 2771 1737 2807 ferreos,
1751 2778 1818 2802 tam
1842 2771 1887 2803 ad
1911 2782 2056 2815 aggeres
2080 2784 2182 2815 quam
2205 2775 2251 2807 acl

407 2834 494 2865 vada
517 2832 685 2875 tyberina,
717 2837 750 2862 et
782 2831 909 2861 viarum
935 2829 1091 2864 divortia,
1111 2827 1302 2862 effundunt,
1334 2837 1400 2867 qua
1434 2826 1547 2857 hostes
1576 2825 1843 2866 frequentiorem
1875 2826 2051 2857 transitum
2076 2826 2251 2860 habituros

405 2893 533 2929 putant,
547 2893 580 2917 et
594 2885 723 2917 calcem
741 2884 937 2925 pulveream
964 2889 997 2914 et
1010 2883 1120 2923 picem
1139 2891 1179 2912 ac
1197 2880 1337 2921 sulphur
1360 2880 1395 2910 in
1411 2878 1568 2910 fictilibus
1582 2879 1783 2914 recondunt,
1800 2879 1972 2919 praesidio
1988 2890 2131 2922 quorum
2147 2881 2252 2913 auda-

405 2942 491 2973 ciam
521 2939 665 2971 hostium
696 2937 890 2978 nuperrime
923 2942 989 2967 tam
1016 2935 1182 2967 violenter
1213 2939 1458 2974 represserant,
1485 2939 1671 2976 ceteraqua
1693 2931 1738 2963 ad
1763 2931 2052 2973 propulsationem
2085 2941 2251 2975 oportuna

405 2992 540 3026 abunde
566 2991 759 3024 conficiunt.
807 2989 868 3021 His
893 2989 1033 3031 patratis
1059 2988 1215 3019 hostilem
1239 2986 1425 3018 adventum
1450 2986 1586 3017 summis
1611 2985 1697 3016 votis
1713 2991 1906 3026 expectant,
1932 2985 2056 3018 nedum
2081 2993 2251 3020 verentur.

497 3118 515 3141 l.
536 3124 549 3148 5
569 3116 680 3140 confixa
707 3116 734 3144 T,
754 3124 776 3139 e.
797 3121 856 3147 7¹1·
879 3128 907 3132 >a
928 3115 946 3139 l.
971 3121 998 3138 12
1019 3115 1065 3138 illi
1091 3114 1188 3147 pedem
1209 3114 1240 3144 Α,
1257 3121 1282 3144 p.
1304 3119 1345 3145 75.
1367 3125 1398 3130 --
1419 3113 1436 3136 l.
1459 3111 1498 3136 28.
1521 3119 1554 3136 se
1575 3110 1678 3135 infecta
1700 3110 1732 3139 Α,
1753 3118 1778 3141 p.
1800 3108 1840 3142 76.
1869 3123 1893 3127 ψ
1920 3117 1951 3142 32
1979 3112 2019 3134 -in
2046 3114 2073 3136 et
2100 3111 2191 3136 Iulius
2221 3113 2249 3144 T,

412 3170 435 3187 c.
456 3167 515 3193 712.
535 3173 567 3179 —
589 3161 607 3184 1.
627 3166 659 3192 43
681 3160 778 3183 omnia
799 3160 960 3183 instaurant
981 3159 1015 3188 A,
1034 3167 1061 3191 p.
1082 3164 1123 3191 77.

2273 2347 2313 2379 35

2275 2616 2316 2646 40

2276 2881 2316 2913 45
