2388 3439
882 184 1295 221 INTRODUZIONE

164 311 318 358 seguitO.

1941 188 2009 223 VII

374 313 459 348 Una
488 324 575 347 vera
604 318 720 347 trama
748 310 936 347 diabolica
966 322 1031 356 per
1061 309 1233 346 uccidere
1264 310 1287 345 il
1318 310 1444 346 Vitelli
1478 312 1631 347 assieme
1652 312 1684 345 ai
1706 312 1814 357 pochi
1844 313 2010 348 familiari

165 388 183 409 e
214 386 277 420 per
306 374 456 410 rendere
486 375 561 410 cosi
590 374 707 409 libero
738 374 759 408 il
791 385 928 419 campo
960 385 981 408 a
1012 373 1184 408 Lorenzo
1214 373 1248 407 di
1281 372 1468 408 dominare
1499 372 1532 407 la
1561 374 1757 409 situazione
1796 386 1814 407 e
1845 374 1879 408 (li
1919 376 2011 409 rice-

165 448 250 471 verc
279 437 429 474 durante
459 436 491 471 la
520 441 623 472 notte
651 436 683 470 le
714 435 847 470 milizie
877 435 912 470 di

952 435 1087 470 Roma.

251 499 288 535 A
318 504 446 546 questa
474 498 694 535 rivelazione
725 497 900 542 Niccolo,
930 508 1039 532 senza
1067 508 1174 544 porre
1197 503 1322 544 tempo
1344 498 1377 531 in
1395 509 1534 542 mezzo,
1556 509 1741 543 prevenne
1762 500 1771 532 i
1793 499 2009 544 congiurafi,

113 565 130 597 5
168 561 362 597 adunando
388 565 655 608 segretamente
684 565 849 596 trecento
877 559 956 595 suoi
993 559 1096 594 scelti
1135 559 1196 594 fidi
1226 572 1246 593 e
1276 560 1379 594 molti
1418 559 1630 604 contadini3
1661 561 1735 595 cosi
1775 560 1869 595 nella
1906 566 2009 596 notte

165 623 276 659 (lell'8
307 624 343 659 di
373 623 498 671 aprile,
529 622 737 660 incendiata
766 635 837 657 una
863 633 927 657 sua
955 632 1038 657 casa
1066 621 1102 656 in
1124 622 1314 656 vicinanza
1334 634 1355 656 a
1376 621 1498 668 quelle
1519 622 1577 658 dei
1600 622 1711 658 Fucci
1742 634 1761 656 e
1783 622 2008 668 prosittando

166 684 262 721 delle
291 685 442 721 tenebre
473 696 492 719 e
521 683 618 720 della
645 684 873 728 confusione,
902 684 982 718 fece
1012 683 1160 718 assalire
1189 682 1236 718 ed
1265 683 1438 719 uccidere
1468 683 1573 719 molti
1603 683 1661 718 dei
1692 684 1795 719 rivali
1825 685 1861 719 di
1891 685 2010 732 quella

164 747 325 794 famiglia
343 744 365 791 ¹,
394 758 414 781 a
443 753 563 782 stento
591 745 800 782 salvandosi
830 744 1068 781 dall'eccidio
1107 744 1286 780 Amodeo
1316 758 1336 780 e
1367 745 1540 781 Lorenzo
1575 757 1643 782 con
1672 746 1783 793 pochi
1812 746 1848 780 di
1878 746 2007 781 coloro

163 810 230 846 che
259 820 427 845 avevano
456 821 563 856 preso
592 813 694 855 parte
722 807 791 843 alla
820 808 1009 854 congiura.

1064 808 1210 842 Intanto
1246 808 1484 853 giungevano
1513 807 1544 841 le
1574 807 1804 844 soldateschc
1833 809 2009 844 ecclesia-

88 875 126 906 10
163 872 290 914 stiche,
319 871 351 906 le
380 871 490 919 quali,
520 883 586 917 per
614 870 806 917 preghiera
834 869 894 906 del
913 869 1143 916 Magistrato,
1165 869 1432 915 alloggiarono,
1453 869 1499 904 ad
1528 870 1726 905 eccezione
1757 870 1816 905 dei
1837 871 2006 917 capitani,

162 934 256 968 fuori
285 933 379 969 della
410 934 510 977 citta,
540 944 605 980 per
631 933 770 969 evitare
800 932 868 968 che
895 931 920 967 il
949 933 1130 967 fermento
1159 931 1255 966 della
1283 931 1526 978 popolazione
1554 937 1797 968 aumentasse.

268 995 610 1032 Immediatamente
630 995 665 1030 fu
685 994 831 1041 spedito
851 1006 872 1029 a
891 996 1014 1030 Roma
1035 1006 1082 1028 un
1104 994 1370 1029 ambasciatore
1389 994 1522 1041 perche
1542 1000 1835 1041 rappresentasse
1864 1008 1884 1030 a
1913 995 2007 1030 Pao-

117 1330 130 1353 5

101 1543 131 1560 10

98 1752 126 1778 ¹5

93 1968 127 1985 20

92 2176 122 2203 ²5

87 2381 123 2409 30

87 2601 119 2627 35

86 2813 120 2836 40

252 1155 259 1168 ¹
278 1156 463 1190 Sigismondo
488 1156 573 1181 leio
598 1157 725 1182 descrive
751 1154 812 1180 cosi
838 1156 863 1180 la
891 1158 983 1188 strage
1009 1155 1054 1179 dei

161 1198 261 1223 Fucci:
284 1199 295 1211 ‘¹
308 1197 380 1223 Cum
402 1196 555 1229 [Nicolaus]
575 1197 609 1221 ad
628 1197 802 1222 tirannidem
822 1197 971 1221 adiecisset
995 1196 1055 1220 ani-

160 1240 173 1254 “
185 1249 258 1266 mum
279 1243 306 1265 et
326 1241 447 1273 polleret
467 1240 579 1273 opibus,
593 1240 711 1264 Fuccios
724 1240 820 1264 affines
839 1240 956 1264 veritus.
969 1258 973 1262 .
985 1255 992 1263 .
1004 1256 1010 1262 .
1025 1239 1055 1262 ln

162 1283 176 1296 ‘⁴
190 1285 297 1308 tantam
320 1283 502 1308 sormidInem
521 1284 684 1307 excreverat
704 1284 743 1311 ut,
757 1283 817 1306 sive
833 1283 892 1306 iure
906 1281 966 1305 sive
981 1281 1054 1305 iniu-

161 1324 237 1353 “rla.
257 1325 381 1357 aliquam
400 1325 578 1349 existimaret
598 1325 627 1348 in
649 1324 731 1348 illum
751 1324 930 1356 conspirasse
951 1330 1053 1348 necem.

162 1367 243 1392 “Ast
262 1375 330 1392 vero
349 1367 486 1392 Nicolaus
514 1367 661 1399 prevenire
687 1367 839 1396 sollicitus,
868 1373 948 1389 mane
974 1366 1055 1390 illius

162 1409 176 1423 ¹'
186 1409 243 1434 diei
257 1417 314 1441 quo
327 1409 404 1434 Iesus
417 1409 550 1434 Christus
563 1417 578 1433 a
591 1409 685 1433 Iudeis
700 1409 894 1441 interemptus.
909 1415 990 1440 quem
1005 1415 1056 1432 nos

162 1452 260 1476 “diem
288 1454 384 1476 sancte
410 1453 521 1476 veneris
545 1458 749 1483 nuncupamus.
775 1451 868 1475 decem
895 1452 923 1474 et
950 1452 1055 1481 septem

162 1496 174 1506 “
187 1495 265 1518 viros
284 1495 360 1519 cives
375 1501 440 1519 suos
454 1494 613 1525 affinesque,
628 1493 713 1525 paulo
729 1495 795 1517 ante
807 1493 905 1520 lucem,
922 1494 950 1516 in
966 1493 1053 1517 cubili

159 1536 172 1549 ⁴‘
185 1537 322 1561 trucidari
343 1537 413 1561 olim
434 1537 630 1564 mandaverat:
651 1536 726 1568 quod
747 1543 814 1560 sane
834 1535 955 1565 facinus,
976 1535 1054 1559 nulla

160 1578 322 1611 “temporis
334 1580 418 1610 atque
437 1578 493 1603 diei
515 1580 628 1603 ratione
641 1578 748 1606 habita,
767 1585 784 1602 a
804 1578 978 1602 satellitibus
1000 1577 1055 1602 suit

160 1620 173 1632 “
183 1621 337 1646 admissum
346 1639 360 1651 „
376 1621 462 1652 (Hist.
476 1622 536 1646 Sen.
548 1628 598 1645 ms.
611 1622 639 1645 in
649 1620 726 1644 ΒωιἈ
739 1620 916 1652 Criminis-A).
939 1619 962 1644 11
976 1620 1053 1644 detto

156 1671 241 1696 passo
258 1665 286 1688 fu
300 1664 465 1696 pubblicato
481 1664 510 1687 in
526 1663 734 1691 cheononnm.
749 1663 859 1688 Niccolb
880 1654 972 1687 ijelh·
984 1663 1054 1687 esula·

156 1707 183 1730 in
211 1707 363 1739 Castiglion
388 1706 542 1730 Fiorentino
567 1706 677 1730 secondo
696 1706 724 1729 la
743 1705 945 1730 testimonianza
967 1705 998 1729 di
1021 1713 1054 1729 uu

155 1752 380 1780 contemporaneo,
399 1746 545 1780 (nollet.
566 1747 665 1772 della
685 1747 724 1771 R.
745 1747 827 1779 Depi
855 1747 892 1772 di
919 1746 964 1772 St.
990 1746 1052 1771 Pa-

155 1791 231 1815 tria
250 1798 310 1824 per
329 1790 518 1818 l’Umbria.
539 1789 613 1818 VIII,
636 1796 711 1822 1902,
732 1797 778 1823 pp.
804 1794 853 1822 159
872 1798 886 1813 e
906 1788 982 1821 seg.).
1019 1790 1052 1813 In

154 1835 254 1864 questo
273 1833 461 1857 iuteressante
481 1832 576 1857 studio
591 1833 616 1857 si
630 1833 709 1864 legge
722 1832 810 1856 anche
823 1839 860 1856 un
875 1832 950 1856 altro
962 1831 1052 1856 brano

154 1874 230 1899 della
249 1874 321 1899 Hn'st.
342 1875 386 1899 del
408 1875 498 1902 Tizio.
518 1875 568 1899 che
589 1876 722 1899 racconta
736 1881 816 1898 come
835 1874 856 1898 il
878 1873 978 1898 Vitelli
994 1881 1051 1898 cer-

154 1924 230 1942 casse
249 1917 279 1942 dl
298 1917 471 1949 giustificare
491 1917 518 1941 la
539 1919 632 1949 strage
645 1916 691 1941 dei
704 1917 796 1944 Fucci.
811 1917 847 1940 da
861 1916 900 1940 lui
917 1916 1051 1941 ordinata

153 1967 167 1983 e
181 1966 345 1984 commessa.

240 2001 326 2027 Altro
346 2004 482 2027 racconto
503 2002 577 2026 della
598 2003 692 2034 strage
711 2001 754 2025 dei
776 2000 860 2025 Fucci
881 2002 903 2025 si
926 2001 960 2025 ha
975 2002 1051 2026 nella

157 2045 278 2069 Crouaca
296 2045 384 2069 latina
397 2042 446 2076 gia
466 2044 646 2068 menzionata
660 2043 710 2076 piis
730 2050 816 2076 sopra
834 2043 873 2074 (n.
897 2051 908 2068 ι
929 2043 1004 2067 della
1024 2051 1050 2076 p.

154 2087 202 2117 V):
224 2087 237 2099 “
252 2086 327 2119 1468.
340 2086 357 2112 ⁶
368 2094 428 2119 apr.
448 2087 534 2112 Sexto
549 2087 612 2111 idus
626 2087 736 2118 aprilis.
763 2085 835 2111 Cum
850 2086 987 2111 Nicolaus
1001 2087 1049 2111 Vi-

155 2129 264 2154 “tellus
283 2130 452 2161 aliquandiu
473 2130 677 2161 rempublicam
707 2136 759 2153 suo
779 2131 849 2154 nutu
864 2129 996 2157 vexisset,
1021 2133 1050 2154 et

154 2170 362 2204 “magistratus
381 2172 548 2203 elargiretur
573 2173 601 2196 et
628 2171 802 2199 admoneret,
828 2171 925 2195 exules
947 2172 1050 2196 faceret

153 2214 207 2238 “et
235 2216 379 2238 revocaret
410 2221 561 2245 omnesque
587 2213 744 2246 reipublice
770 2213 908 2238 introitus
927 2221 1047 2246 uxurpa-

154 2257 226 2286 “ret,
248 2255 353 2280 Paolus
379 2256 518 2281 secundus
545 2256 707 2280 decreverat
733 2263 764 2279 ea
788 2256 934 2280 tirannide
955 2255 1048 2280 Tlser-

153 2299 242 2322 “num
264 2299 384 2323 liberare
397 2301 424 2323 et
437 2299 535 2324 omnia
549 2306 727 2331 componere.
765 2297 850 2326 Quod
870 2298 971 2323 videns
996 2299 1047 2323 Ni-

153 2340 283 2369 “colaus.
309 2348 370 2365 eum
391 2341 448 2365 sibi
477 2341 579 2365 Fueios
600 2348 683 2374 posse
704 2347 815 2369 nocere.
840 2342 868 2365 et
889 2347 969 2365 suam
989 2341 1047 2366 vim

152 2382 334 2415 “infringere
359 2383 612 2411 animadverteret,
639 2383 793 2407 consilium
819 2383 896 2415 capit
917 2389 967 2407 eos
986 2390 1047 2414 per-

153 2423 270 2447 “dendi.
308 2424 486 2448 Convocatis
508 2425 596 2456 igitur
615 2423 729 2448 Matheo
743 2423 776 2447 de
790 2423 871 2454 Cola,
892 2431 936 2448 ser
953 2424 1045 2448 Sanli-

153 2466 246 2490 “bene
265 2465 325 2496 (sic)
346 2466 508 2494 'rai-latino,
534 2465 669 2491 Guidone
696 2465 875 2498 Arrherigio,
899 2459 982 2498 super
1000 2467 1046 2490 his

153 2506 262 2531 “verba
284 2507 365 2535 fecit;
385 2508 416 2532 hi
436 2508 590 2532 consilium
611 2509 665 2532 iam
686 2509 808 2539 captum.
835 2508 910 2540 quod
930 2515 1045 2540 exequa-

152 2550 165 2561 “
177 2552 222 2573 tur
251 2550 414 2580 decernunt,
446 2551 661 2581 convocantque
689 2551 736 2582 qui
769 2550 880 2574 auxilio
900 2550 968 2574 sint.
1003 2550 1046 2575 In-

152 2592 165 2604 ¹¹
176 2593 342 2616 terveniunt
363 2592 532 2617 Laurentius
545 2592 673 2620 Amatus.
687 2592 829 2617 Salustius
843 2594 970 2624 magistri
987 2593 1044 2617 Ma-

151 2635 266 2663 “riotti,
280 2634 402 2659 Ioannes
416 2634 572 2666 Galganus.
587 2635 714 2667 Angelus
728 2634 1042 2667 Cifilionus[l1‘‹1iueri],

150 2675 290 2701 “Iacobus
318 2675 480 2709 Ciappetta,
507 2676 642 2701 Cambius
670 2677 854 2707 Venturuciig
883 2678 1044 2702 Averardus

150 2718 248 2743 “Petri
270 2719 395 2747 1oannis.
421 2722 448 2743 et
473 2727 534 2743 cum
561 2719 605 2743 his
632 2719 713 2743 multi
741 2719 840 2751 plebel.
866 2721 1043 2752 primumque¹

150 2762 261 2786 “noctu
281 2762 423 2793 quandam
442 2762 555 2786 domum
578 2763 606 2785 in
623 2763 685 2786 foro
699 2762 864 2793 incendunt,
879 2763 1043 2787 existiman-

147 2804 160 2817 *
172 2806 214 2828 tes
233 2803 352 2829 Fucclos
371 2804 540 2828 adcursuros
554 2806 584 2828 ut
599 2804 679 2829 soliti
699 2806 788 2832 erant.
808 2804 855 2829 sed
869 2804 949 2829 nullo
962 2805 1043 2829 adve-

149 2848 161 2858 “
173 2847 278 2876 niente,
300 2847 458 2871 deliberant
479 2847 576 2871 domos
589 2854 761 2879 expugnare.
778 2854 812 2871 ne
826 2847 891 2872 duta
907 2855 985 2871 mora
1000 2855 1042 2871 res

149 2889 162 2901 ‘¹
172 2890 345 2921 aperiretur;
366 2890 431 2921 igne
452 2890 540 2921 igitur
554 2891 581 2913 et
595 2889 738 2913 securibus
751 2895 848 2913 eorum
862 2889 962 2914 domos
975 2890 1040 2914 ado-

148 2930 286 2955 “riuntur
304 2938 407 2963 cosque
426 2939 439 2955 e
466 2931 540 2955 lecto
565 2933 672 2955 tractos
699 2931 872 2956 interficiunt
897 2934 925 2956 ct
950 2932 983 2956 ad
1012 2932 1040 2956 id

151 2973 319 2998 “meridiem
339 2980 426 3004 usque
452 2980 510 2998 non
532 2973 684 3004 deslnuntg
706 2973 789 3005 pauci
808 2974 959 2999 admodum
978 2981 1041 2998 eva-

1111 1153 1124 1166 “
1135 1158 1239 1178 serunt.
1277 1153 1441 1187 Perre[m]ti
1461 1157 1525 1179 sunt
1545 1155 1579 1179 ad
1599 1156 1692 1179 decem
1711 1156 1739 1179 et
1765 1157 1869 1187 septem
1889 1163 2007 1187 quorum

1113 1196 1124 1207 ‘⁴
1137 1196 1202 1220 haec
1224 1198 1289 1221 sunt
1310 1198 1442 1221 nomina:
1464 1196 1561 1221 Petrus
1575 1196 1700 1222 Gentills
1715 1197 1806 1225 paoli,
1819 1197 1940 1222 Ioannes
1955 1197 2007 1223 Ca-

1112 1237 1193 1262 “roli
1212 1241 1240 1262 et
1265 1237 1349 1268 filius,
1376 1239 1551 1268 Fucinrinus,
1580 1240 1682 1263 Paolus
1708 1242 1735 1263 et
1761 1239 1872 1272 Gaspar
1899 1241 2008 1270 fratres,

1111 1279 1124 1292 ¹‘
1137 1280 1274 1304 Nic-olaus
1293 1281 1447 1308 Franclsci.
1467 1281 1566 1306 Petrus
1587 1282 1669 1313 Luce.
1683 1289 1725 1305 ser
1741 1282 1838 1306 Petrus
1853 1281 1956 1314 Angeli
1973 1283 2006 1307 de

1112 1322 1209 1350 “Pers'.
1239 1323 1385 1348 Antonius
1410 1324 1556 1350 Nicolaus.
1586 1324 1765 1356 Augustinus
1795 1324 1870 1348 Petri
1899 1325 2006 1349 Mathei

1114 1364 1333 1394 “Marcscalchl‚
1352 1366 1473 1390 Battista
1495 1366 1616 1398 Ugulini
1638 1366 1742 1399 Angeli
1763 1366 1848 1394 Petri,
1869 1374 1911 1390 ser
1923 1367 2005 1391 Ioan-

1113 1407 1126 1419 “
1138 1414 1186 1431 nes
1205 1407 1329 1436 Nicolai‚
1350 1415 1393 1432 ser
1414 1409 1543 1433 Andreas
1562 1409 1595 1433 de
1616 1416 1698 1434 nome
1711 1409 1737 1433 el
1752 1408 1900 1437 Mart-hesi,
1915 1409 2005 1434 Anto-

1111 1449 1199 1474 “nlus
1218 1451 1279 1474 eius
1300 1457 1395 1483 nepos,
1414 1451 1542 1483 Angelus
1561 1451 1633 1475 alias
1653 1450 1788 1479 Bonzius,
1805 1453 1834 1475 et
1854 1452 2004 1476 nonnullo-

1110 1494 1195 1516 “rum
1216 1493 1346 1518 fortunas
1365 1493 1509 1525 depredati
1532 1496 1597 1518 sunt
1607 1510 1631 1524 ,‚.
1656 1493 1706 1524 (cc.
1728 1491 1830 1526 25-26).

1196 1534 1285 1559 Infine
1306 1543 1342 1560 un
1364 1538 1498 1560 racconto
1519 1536 1594 1560 della
1614 1538 1706 1568 strage
1727 1537 1769 1561 dei
1786 1538 1871 1563 Fucci
1885 1536 1899 1561 'e
1914 1539 2003 1569 ripor-

1110 1578 1169 1601 tato
1196 1578 1225 1601 in
1251 1577 1373 1603 un'altra
1399 1580 1494 1603 antica
1521 1587 1650 1607 cronaca,
1670 1582 1837 1605 conservata
1859 1578 2005 1605 anch'essa

1109 1619 1319 1644 nell‘Archivio
1339 1621 1659 1653 Magherini-Graziani,
1670 1622 1719 1645 che
1733 1629 1846 1646 avremo
1861 1620 1911 1655 piu
1928 1623 2004 1646 volte

1108 1663 1256 1686 occasione
1276 1663 1304 1686 di
1326 1663 1480 1688 ricordare:
1507 1663 1611 1695 “1468.
1649 1664 1674 1688 A
1695 1661 1724 1688 di
1750 1663 1766 1687 8
1792 1665 1826 1688 de
1851 1665 1951 1697 aprile,
1970 1665 2003 1688 de

1110 1702 1250 1736 “giovedi
1275 1713 1291 1729 a
1318 1707 1397 1729 notte
1423 1705 1478 1730 alle
1503 1706 1576 1730 dieci
1597 1706 1666 1730 hore
1686 1707 1780 1730 inanzi
1803 1707 1830 1731 la
1851 1708 2004 1731 settimana

1108 1748 1221 1771 ‘'santa.
1259 1747 1488 1780 Remoreggiossi
1510 1748 1536 1772 la
1557 1746 1638 1773 cittii
1657 1748 1700 1772 de'
1721 1748 1848 1773 Castello
1876 1751 1904 1773 ct
1923 1756 1952 1773 ce
1973 1749 2002 1773 fu

1107 1788 1121 1802 ¹¹
1132 1796 1234 1813 messer
1247 1788 1354 1814 Nicolo
1368 1789 1477 1815 Viteilo
1492 1797 1544 1814 con
1559 1791 1587 1814 la
1602 1798 1650 1815 sua
1664 1792 1757 1823 parte:
1771 1798 1785 1814 e
1800 1793 1897 1822 questo
1911 1792 1941 1816 su
1955 1799 2002 1824 per

1109 1831 1123 1843 “
1134 1833 1251 1864 cagione
1266 1832 1316 1856 che
1336 1832 1363 1856 la
1383 1840 1443 1857 sera
1459 1834 1551 1856 inanzi
1567 1832 1654 1857 torno
1669 1833 1688 1856 il
1705 1832 1822 1865 podest&
1836 1834 1911 1858 della
1925 1834 2002 1858 detta

1109 1873 1122 1886 ‘¹
1133 1871 1203 1898 citta
1217 1882 1231 1899 e
1245 1874 1321 1899 disse
1335 1882 1411 1899 come
1422 1875 1452 1898 in
1466 1875 1557 1899 Roma
1571 1882 1599 1899 se
1612 1875 1712 1900 diceva
1726 1876 1776 1900 che
1790 1876 1860 1900 tutti
1874 1876 1896 1900 11
1916 1876 2000 1900 usciti

1108 1915 1282 1941 “dovevano
1302 1919 1425 1941 tornare.
1464 1917 1578 1941 Furono
1606 1919 1690 1941 morti
1719 1918 1764 1942 nel
1791 1918 1870 1943 detto
1890 1926 2001 1943 rumore

1108 1958 1120 1969 “
1129 1957 1337 1982 l’insrascritti:
1350 1955 1566 1990 1⁰)Piergentile
1579 1959 1607 1982 fu
1619 1960 1713 1983 morto
1725 1959 1770 1982 nel
1781 1959 1910 1991 Borgodi
1922 1960 2001 1983 sotto

1108 2001 1120 2012 “
1132 2000 1226 2024 inanzi
1242 2007 1305 2024 casa
1325 2000 1353 2024 di
1374 2000 1517 2027 Pallante:
1540 1999 1578 2031 2⁰)
1592 2000 1741 2025 Giovanni
1758 2001 1791 2025 de
1804 2001 1892 2025 Carlo
1907 2003 2001 2025 morto

1108 2042 1121 2054 “
1131 2042 1232 2066 inanzi
1251 2050 1313 2067 casa
1328 2042 1370 2066 de'
1383 2041 1524 2066 Gluliano
1539 2043 1569 2066 di
1584 2043 1750 2071 Bezeccaro;
1765 2041 1805 2075 3⁰)
1819 2043 2000 2068 Bartolomeo

1106 2084 1182 2109 “suo
1202 2084 1313 2117 figllolo
1334 2086 1427 2109 morto
1448 2085 1493 2108 nel
1515 2085 1609 2118 Boi-go
1629 2085 1663 2108 de
1682 2087 1761 2110 sotto
1781 2086 1878 2110 inanzi
1893 2093 1956 2110 casa
1970 2086 2000 2110 di

1106 2127 1119 2140 “
1130 2127 1275 2156 Pallante;
1290 2125 1329 2158 4⁰)
1343 2126 1526 2151 Fucciarino:
1541 2126 1581 2158 5⁰)
1592 2127 1701 2152 Pavolo
1713 2135 1764 2152 suo
1778 2128 1901 2157 fratello,
1913 2129 1997 2152 morti

1102 2170 1115 2183 ‘¹
1128 2169 1172 2194 nel
1194 2170 1322 2194 viclnato
1342 2169 1414 2194 delle
1433 2169 1549 2193 bizoche
1569 2169 1603 2194 de
1622 2169 1648 2193 S.
1664 2169 1788 2198 ceciliam
1803 2168 1843 2201 6⁰)
1865 2171 1998 2194 Antonio

1105 2211 1246 2237 “fratello
1271 2212 1304 2236 de
1330 2211 1494 2241 Ludovic03
1521 2210 1559 2243 7⁰)
1585 2210 1704 2239 Nimio:
1731 2211 1770 2242 8⁰)
1796 2211 1942 2244 Par[en]te
1969 2214 1997 2236 ln

1103 2254 1116 2267 ‘⁴
1130 2256 1160 2279 in
1179 2261 1243 2279 casa
1261 2254 1323 2279 loro
1345 2255 1429 2278 furno
1449 2255 1551 2282 morti:
1571 2253 1612 2287 9⁰)
1632 2253 1729 2279 Pietro
1748 2255 1781 2278 fu
1807 2257 1901 2279 morto
1922 2255 1997 2279 nella

1102 2297 1290 2321 “Fraternita
1308 2297 1405 2322 inanzi
1426 2297 1512 2322 Santa
1531 2297 1709 2329 Magdalena,
1735 2305 1781 2322 era
1809 2299 1940 2322 nascosto
1968 2299 1996 2321 in

1103 2340 1117 2352 ‘⁴
1128 2347 1184 2364 una
1197 2339 1296 2364 chloca
1312 2338 1413 2371 [sogna
1427 2348 1441 2363 ο
1459 2337 1593 2371 εΙιίιιυίεα]
1607 2340 1701 2363 inanzi
1719 2347 1781 2363 casa
1802 2337 1997 2371 de’Gregorio

1103 2382 1117 2394 α
1127 2381 1161 2406 de
1180 2381 1330 2406 Brandano
1350 2382 1384 2405 ad
1405 2382 1474 2405 hora
1497 2381 1527 2406 di
1541 2382 1691 2414 compieta,
1705 2382 1774 2406 tutti
1788 2389 1875 2406 erano
1890 2382 1918 2405 di
1933 2389 1997 2405 casa

1104 2425 1171 2448 “de’
1196 2424 1296 2452 Fucci;
1325 2422 1369 2448 ιοο
1395 2431 1497 2448 messer
1522 2424 1712 2455 Pieroangelo
1734 2425 1761 2448 fu
1784 2426 1877 2448 morto
1899 2425 1996 2448 inanzi

1103 2468 1190 2490 “casa
1209 2466 1279 2490 delli
1304 2466 1437 2497 Signum
1467 2464 1522 2496 11⁰)
1547 2466 1655 2490 Batista
1682 2466 1710 2490 di
1738 2465 1877 2490 Pierozzo
1904 2468 1996 2489 morto

1099 2511 1111 2522 ⁴⁴
1125 2509 1224 2533 inanzi
1243 2515 1307 2533 casa
1327 2516 1393 2535 sua:
1417 2507 1471 2538 12⁰)
1491 2508 1515 2531 cl
1536 2508 1680 2532 Marchese
1695 2508 1723 2531 su
1740 2510 1835 2532 morto
1849 2509 1877 2532 in
1893 2508 1996 2532 Piazza

1102 2550 1183 2583 “130)
1207 2551 1349 2583 Agustino
1369 2551 1403 2575 de
1422 2551 1531 2575 Franco
1552 2551 1580 2574 su
1601 2552 1694 2574 morto
1715 2551 1745 2574 in
1769 2557 1833 2574 casa
1858 2550 1891 2574 de
1918 2550 1996 2574 detto

1099 2596 1111 2606 *¹
1124 2595 1269 2621 Antonioe
1294 2591 1336 2624 14⁰
1354 2600 1368 2618 e
1391 2593 1446 2626 15⁰)
1466 2593 1515 2617 doi
1528 2593 1686 2617 lavoratori
1703 2592 1730 2616 di
1746 2599 1848 2616 messer
1862 2592 1994 2616 Pieroan-

1100 2640 1110 2647 ‘⁴
1123 2636 1188 2668 gelo
1209 2636 1237 2659 in
1258 2636 1285 2659 la
1306 2636 1390 2659 l'orta
1402 2636 1429 2659 di
1445 2636 1472 2659 S.
1486 2634 1568 2660 Gilio
1583 2633 1624 2667 [S.
1638 2633 1772 2667 Egide:
1790 2634 1844 2665 16⁰)
1857 2634 1995 2659 Mariotto

1100 2679 1151 2702 “di
1181 2686 1223 2702 ser
1248 2679 1327 2702 Santi
1357 2679 1449 2702 morto
1476 2678 1519 2701 nel
1541 2677 1624 2701 horto
1645 2677 1738 2701 drieto
1765 2676 1791 2700 la
1818 2676 1994 2701 Fraternita:

1099 2722 1110 2734 “
1127 2719 1181 2753 17⁰)
1192 2728 1234 2745 ser
1246 2719 1392 2744 Giovanni
1405 2719 1447 2743 dc'
1460 2727 1550 2748 nome,
1563 2720 1589 2743 fu
1602 2721 1696 2743 morto
1707 2719 1733 2742 la
1746 2720 1865 2743 mnttina
1876 2721 1995 2744 venente

1099 2762 1184 2787 “eloe
1205 2763 1225 2787 il
1245 2763 1353 2790 sabato.
1373 2762 1415 2786 sul
1438 2764 1509 2786 tetto
1529 2762 1574 2786 del
1601 2760 1723 2792 Ciango,
1742 2762 1791 2785 clic-
1820 2762 1918 2794 sugiva
1946 2769 1994 2794 per

1097 2806 1110 2818 ⁸
1122 2805 1150 2829 lo
1170 2805 1250 2829 detto
1270 2806 1345 2829 tetto
1358 2823 1380 2835 „.
1405 2805 1524 2828 llistorie
1544 2804 1574 2827 di
1593 2803 1667 2828 Citth
1693 2803 1723 2827 ‹li
1744 2803 1861 2828 Castello
1881 2806 1906 2827 e!
1925 2804 1995 2828 altri

1095 2848 1189 2879 Iuogln'
1206 2847 1340 2871 caemvfcim·
1365 2848 1479 2871 raccolte
1498 2847 1533 2870 da
1552 2846 1666 2870 Pm-rno
1689 2845 1844 2870 LAURENZI
1864 2847 1993 2870 cittadino

1095 2891 1256 2914 dell'istcssa
1282 2889 1361 2917 cita),
1385 2897 1422 2913 rc.
1449 2888 1538 2922 47-48.
1576 2888 1598 2912 11
1626 2887 1765 2912 Laurenzl
1791 2895 1838 2912 era
1863 2895 1899 2912 un
1927 2896 1991 2912 con—

1096 2935 1288 2964 temporaneo,
1311 2939 1387 2956 come
1408 2931 1432 2956 sl
1454 2929 1538 2956 νεὼ-ὲ
1565 2928 1614 2964 piu
1641 2930 1714 2954 oltre
1739 2930 1815 2955 dalla
1843 2932 1910 2955 nota
1931 2938 1956 2955 n.
1978 2937 1990 2955 2

1097 2974 1125 2998 di
1146 2982 1171 3008 p.
1188 2973 1264 2998 vm.

2037 1163 2068 1188 45

2034 1376 2068 1401 50

2033 1587 2070 1623 55-

2028 2222 2061 2247 70

2026 2432 2057 2457 75

2023 2638 2058 2663 80

2021 2846 2052 2878 85
