2388 3439
119 1696 215 1716 Carolus
253 1696 330 1715 Plana-

144 1729 193 1747 nusy
222 1723 330 1747 Capinus,

145 1750 256 1770 [ohannes
271 1749 332 1769 Ursi-

145 1783 194 1796 [1115.

122 1858 143 1876 Μ
148 1859 264 1878 ontonum,
278 1857 329 1875 Fra·

144 1886 186 1907 cta,
225 1884 329 1907 Burgum,

145 1910 243 1929 Perusia.

126 2135 237 2155 Mirabile.

357 193 400 229 14
1080 190 1309 226 ROBERTI
1336 189 1456 226 URSI

349 315 512 348 Vitellum
537 316 682 348 Romam
707 316 931 352 noniturum,
964 326 1074 356 neque
1100 325 1205 346 novas
1230 314 1325 357 leges
1357 314 1574 355 recipiendas
1606 324 1690 346 esse.
1738 314 1853 355 Opere
1870 315 2022 355 precium
2054 314 2193 345 minime

348 375 528 401 censentes
552 370 698 411 quicque
724 369 801 400 novi
827 379 900 399 esse
927 368 1200 408 componendum
1226 368 1261 398 in
1292 366 1375 398 urbe
1401 367 1575 404 concordi,
1605 372 1698 398 tanto
1723 377 1799 398 cum
1823 377 1991 398 armorum
2016 372 2194 408 apparatu,

347 432 459 464 neque
483 422 678 463 pontificem
704 421 816 452 valido
841 421 900 452 niti
925 426 1135 463 argumento,
1167 420 1193 451 si
1226 420 1391 451 Nicolaus
1418 419 1562 451 Vitellus
1586 419 1732 451 Romam
1757 430 1793 451 se
1818 419 1983 451 hactenus
2015 429 2082 451 non
2115 429 2195 451 con-

349 474 473 509 tulerit,
498 485 575 506 cum
599 475 762 506 certiores
786 473 926 515 pridem¹
952 474 1034 505 facti
1060 474 1126 504 sint
1156 473 1361 514 apostolicas
1386 479 1501 504 extare
1526 472 1655 504 litteras
1679 473 1724 504 ad
1749 473 1906 508 eundem,
1931 472 2053 514 quibus
2083 472 2195 504 indul-

347 534 447 570 getur
470 527 615 559 Romam
640 536 707 559 non
737 527 870 563 iturum,
895 537 936 558 eo
966 526 1028 557 nisi
1061 532 1213 567 tempore
1245 536 1312 567 quo
1344 526 1401 557 ille
1433 525 1496 557 sibi
1528 526 1715 557 iucundum
1747 526 2016 567 tutissimumque
2047 525 2191 557 duxerit.

350 581 430 612 Non
461 591 543 623 ergo
575 587 756 612 contumax
787 579 1004 611 arbitrandus
1046 580 1102 620 qui
1136 579 1300 620 principis
1332 579 1463 610 indulto
1495 585 1617 616 tuetur,
1652 589 1717 610 nec
1749 579 1980 611 criminandus
2019 579 2076 620 qui
2109 578 2195 621 legis

351 633 540 676 protegitur
571 633 712 676 clypeo:
737 632 902 664 adiiciunt
926 632 1081 673 insuper:
1107 642 1289 673 numquam
1315 642 1350 663 se
1376 632 1609 673 permissuros,
1626 638 1676 663 tot
1691 631 1793 663 rebus
1818 631 1905 663 bene
1923 631 2028 674 gestis
2058 631 2197 674 triginta

349 686 456 723 annis,
482 686 571 718 hunc
596 685 723 727 oppido
747 684 970 727 menibusque
996 685 1212 727 exigendum,
1238 685 1415 726 cupientes
1439 684 1483 716 ad
1508 685 1671 721 ultimum,
1696 685 1722 716 si
1747 685 1794 716 illi
1821 685 1951 726 uspiam
1981 684 2194 726 pereundum

351 739 463 776 fuerit,
487 739 599 780 potius
622 739 657 769 in
681 738 790 779 patria
815 738 909 774 urbe,
934 743 1012 769 ante
1031 747 1165 769 suorum
1183 737 1300 769 oculos
1317 743 1445 778 pereat,
1470 748 1572 779 quam
1597 738 1761 769 sustinere
1787 737 1831 769 ab
1855 737 2057 778 alienigenis
2073 736 2197 768 occidi.

350 791 527 823 Libentius
551 792 653 834 igitur
676 798 778 833 atque
799 792 982 822 animosius
1006 792 1041 822 in
1057 790 1244 822 obsidionis
1260 790 1446 822 terroribus
1470 790 1667 832 perdurant,
1692 801 1793 832 quam
1818 791 1943 822 nedum
1958 788 2197 826 honestiorem,

351 855 467 876 verum
499 845 600 876 etiam
632 844 800 881 tutiorem,
833 844 1041 880 existimant:
1067 849 1100 875 et
1131 854 1198 885 quo
1230 843 1414 885 impensius
1446 843 1560 875 hostes
1591 849 1730 886 urgent,
1755 844 1848 875 cives
1879 854 2015 886 quoque
2047 840 2200 884 perstant

351 898 595 929 vehementius.

656 978 802 1009 DIGNUM
827 987 980 1010 FACINUS
1004 978 1179 1009 IOHANNIS
1203 977 1335 1008 URerr
1360 986 1410 1008 AD
1434 986 1586 1009 PORTAM
1611 986 1902 1009 MERIDIONALEM.

438 1059 518 1090 Non
542 1065 655 1090 tamen
679 1059 744 1090 hoc
770 1058 845 1090 loco
871 1057 1209 1099 praetermittendum
1242 1058 1376 1089 silentio
1408 1057 1488 1089 duxi
1518 1057 1737 1089 memorabile
1771 1057 1906 1089 facinus
1937 1057 2098 1089 Iohannis
2126 1055 2194 1088 Ur-

352 1112 413 1144 sini
429 1112 451 1150 ¹‚
468 1111 621 1154 quidum
638 1122 700 1153 pro
731 1118 829 1153 porta
860 1110 1073 1143 meridionali
1100 1111 1273 1152 preliatur,
1304 1121 1381 1142 suos
1405 1110 1531 1142 cedere
1555 1110 1853 1148 animadverteret,
1878 1116 1912 1142 et
1927 1120 2005 1142 mox
2028 1116 2086 1142 aut
2101 1108 2198 1152 te'r'ga

357 1166 505 1203 daturos,
536 1173 594 1197 aut
625 1166 660 1197 in
691 1165 939 1206 oppidanorum
979 1165 1120 1206 predam
1160 1165 1296 1196 omnino
1336 1174 1502 1201 cessuros,
1538 1164 1626 1196 ultro
1661 1163 1793 1196 adactis
1832 1160 2055 1202 caleceribus,
2087 1162 2198 1196 effuso

352 1230 463 1258 cursu,
487 1219 522 1250 in
545 1218 717 1250 districtos
742 1229 840 1250 enses
864 1229 905 1250 ac
930 1218 998 1250 tela
1023 1228 1097 1249 sese
1124 1218 1282 1254 coniecit,
1307 1224 1341 1249 et
1365 1224 1550 1249 sustentata
1575 1217 1634 1249 diu
1652 1217 1738 1254 acie,
1763 1228 1840 1249 suos
1865 1217 2019 1249 labantes
2043 1216 2198 1250 restituit.

359 1272 477 1304 Nihilo
509 1278 621 1304 tamen
653 1272 762 1303 minus
778 1272 907 1314 ingenti
940 1271 1085 1313 pilorum
1118 1271 1355 1314 in'gruentium
1381 1271 1515 1303 cumulo
1548 1281 1741 1312 oppressus,
1777 1276 1826 1304 tot
1856 1267 2054 1303 vulneribus
2080 1270 2200 1303 confo-

354 1325 454 1361 ditur,
486 1329 522 1356 ut
546 1324 601 1354 vix
626 1324 721 1355 vivus
745 1324 779 1354 in
804 1330 915 1355 castra
940 1334 975 1354 se
1001 1323 1182 1364 receperit.
1230 1322 1338 1354 Huius
1362 1323 1517 1354 interitus
1542 1323 1664 1354 merori
1682 1322 1838 1353 omnibus
1862 1322 1936 1359 fuit,
1960 1320 2092 1354 tum‘ob
2115 1320 2198 1359 ado-

355 1378 531 1409 lescientie
563 1377 847 1413 immaturitatem,
880 1383 949 1408 tum
975 1376 1018 1408 ob
1050 1376 1161 1409 ursine
1189 1376 1316 1420 familie
1348 1375 1496 1417 'stirpem
1527 1386 1740 1418 generosam.
1789 1374 1856 1412 Qui
1882 1376 1908 1407 si
1934 1375 2091 1418 cognitus
2115 1375 2199 1407 exti-

353 1431 457 1467 tisset,
483 1431 591 1472 potuit
614 1430 658 1462 ab
675 1430 855 1471 oppidanis
873 1431 1018 1465 veniam,
1037 1430 1089 1460 vel
1107 1440 1175 1461 non
1192 1430 1342 1470 petitam,
1361 1430 1553 1470 impetrare.
1601 1429 1841 1471 Magnanimus
1865 1428 1979 1460 tamen
2004 1429 2199 1471 quicunque

357 1490 498 1515 mortem
524 1484 621 1514 huius
653 1493 721 1514 non
751 1484 974 1519 immaturam,
999 1483 1060 1514 sed
1085 1483 1286 1514 invidiosam
1312 1481 1547 1518 arbitrabitur3
1572 1482 1688 1513 vivere
1722 1482 1811 1513 enim
1843 1481 1904 1513 hos
1936 1481 2126 1519 credimus,
2141 1481 2199 1523 qui

356 1543 491 1569 strenue
525 1537 722 1568 moriuntur.
769 1536 865 1568 Nihil
902 1546 982 1567 sane
1015 1536 1152 1568 brevius
1188 1542 1239 1567 est
1272 1536 1341 1568 vita
1373 1535 1577 1572 mortalium,
1614 1541 1777 1577 quantum
1812 1536 1863 1566 vis
1899 1534 2078 1571 diuturna,
2112 1532 2196 1566 nihil

356 1590 456 1622 etiam
480 1590 631 1622 vivacius
660 1590 738 1622 t‘orti
768 1596 885 1626 morte,
910 1589 991 1620 licet
1021 1590 1269 1630 intempestiva,
1301 1599 1388 1630 quae
1421 1599 1489 1620 non
1520 1588 1700 1620 oblivionis
1731 1588 1916 1620 includitur
1947 1588 2108 1626 tenebris,
2139 1587 2201 1620 sed

352 1650 448 1687 grate
473 1644 680 1684 posteritatis
704 1644 793 1675 omni
827 1653 910 1674 aevo
942 1642 1005 1674 sibi
1038 1643 1199 1674 vendicat
1222 1643 1429 1673 memoriam.
1476 1641 1547 1673 Iam
1572 1643 1674 1684 igitur
1706 1642 1740 1673 in
1775 1642 1891 1683 primis
1927 1641 2007 1673 belli
2040 1651 2201 1684 congres-

355 1696 515 1733 sionibus,
540 1697 654 1728 hostes
682 1697 826 1728 adversa
859 1696 995 1727 fortuna
1027 1695 1167 1727 multum
1199 1695 1450 1736 premebantur.
1497 1694 1640 1726 Carolus
1675 1706 1810 1736 nanque
1846 1694 2017 1727 Plananus
2047 1694 2201 1726 redditus

355 1750 564 1787 monoculus,
589 1749 740 1791 Capinus
765 1756 798 1781 et
822 1749 966 1780 Ursinus
990 1749 1194 1780 desiderati:
1220 1755 1253 1780 et
1270 1755 1385 1790 preter
1402 1749 1462 1780 hos
1486 1759 1629 1791 magnus
1652 1748 1805 1790 peditum
1841 1745 2059 1791 equitumque
2084 1748 2201 1780 vulne-

354 1809 501 1836 ratorum
526 1814 701 1835 numerus:
734 1803 878 1845 proinde
904 1813 972 1834 non
1003 1803 1065 1833 nisi
1092 1802 1218 1834 caedes
1250 1809 1283 1834 et
1314 1802 1456 1834 vulnera
1489 1801 1666 1834 hostilibus
1698 1802 1733 1833 in
1764 1802 1883 1834 castris
1919 1806 2127 1844 spectantur,
2158 1802 2202 1833 si-

355 1856 494 1899 quidem
519 1868 561 1888 ex
585 1857 708 1888 sauciis
732 1856 944 1893 Montonum‚
970 1856 1103 1892 Fracta,
1137 1855 1286 1898 Burgum
1323 1862 1356 1887 et
1388 1855 1563 1887 Perusiam
1594 1855 1817 1896 complentur.
1864 1855 1914 1886 Ea
1938 1861 2079 1897 propter
2110 1855 2202 1886 fama

355 1912 475 1954 ingens
500 1910 702 1953 vulgabatur
734 1910 799 1940 iam
832 1920 900 1941 non
924 1910 1033 1940 minus
1066 1909 1180 1940 hostes
1212 1908 1360 1940 obsideri
1393 1908 1437 1940 ab
1469 1908 1661 1950 oppidanis,
1692 1918 1793 1950 quam
1826 1909 1858 1939 hi
1891 1908 1935 1939 ab
1959 1908 2128 1940 hostibus:
2161 1911 2201 1940 e'o

356 1965 499 1996 maxime
513 1964 606 2006 quod
622 1963 666 1995 ab
682 1963 749 1994 illis
765 1963 809 1995 ad
827 1969 938 1995 castra
956 1972 1061 2005 usque
1079 1963 1323 1994 animosissime
1340 1962 1556 1994 infestantur.
1602 1961 1674 1993 Sub
1690 1962 1726 1994 id
1742 1968 1886 2003 tempus,
1903 1973 1980 1994 cum
1997 1973 2040 1994 ex
2056 1961 2201 1994 hostium

353 2016 522 2059 equitibus
536 2017 710 2059 [quidam]‚
723 2016 790 2047 alia
803 2016 922 2048 semita
935 2026 1024 2058 equo
1037 2016 1186 2047 currenti
1204 2016 1321 2058 fugam
1339 2021 1544 2057 capesseret,
1557 2014 1601 2046 ab
1615 2014 1795 2056 oppidanis
1811 2015 1994 2052 insecutus,
2007 2015 2204 2058 priusquam

356 2071 462 2102 tutum
487 2070 531 2103 ad
556 2080 633 2102 suos
656 2069 833 2111 receptum
850 2069 1004 2106 haberet,
1022 2079 1062 2101 eo
1090 2069 1247 2111 pervenit
1272 2069 1327 2100 ubi
1353 2079 1438 2110 pons
1462 2069 1642 2100 intercisus
1667 2074 1749 2106 erat,
1775 2075 1808 2100 et
1831 2068 1912 2100 dum
1936 2069 2049 2100 omnia
2064 2069 2100 2100 in
2115 2072 2204 2101 statu

358 2118 462 2165 priori
487 2118 714 2155 verisimiliter
743 2123 862 2160 credit,
893 2123 928 2153 in
960 2122 1072 2153 medio
1105 2131 1205 2153 cursu
1236 2128 1384 2153 armatus
1407 2131 1575 2163 praeceps
1606 2121 1739 2153 delatus
1771 2127 1831 2159 est,
1855 2121 1946 2154 unde
1978 2117 2055 2153 cum
2085 2118 2202 2154 labore

358 2183 460 2219 atque
485 2177 680 2209 discrimine
706 2177 851 2208 maximo
865 2177 1033 2218 egerrime
1051 2176 1217 2212 eximitur,
1235 2182 1268 2207 et
1292 2182 1406 2220 preter
1430 2176 1577 2207 omnium
1603 2185 1697 2216 spem
1715 2174 1802 2206 liber
1825 2172 1963 2207 tandem
1980 2171 2113 2213 'evadis
2133 2172 2202 2207 tum

357 2231 401 2262 ob
426 2231 503 2272 equi
528 2230 731 2262 velocissimi
756 2231 929 2271 impetum,
954 2236 1022 2261 tum
1048 2229 1092 2261 ob
1116 2229 1330 2261 altitudinem
1354 2229 1533 2271 obruptam
1559 2229 1661 2265 fosse,
1687 2229 1721 2260 in
1746 2240 1846 2271 quam
1872 2229 2038 2261 violenter
2065 2230 2202 2261 corruit.

900 2351 1084 2382 DEFECTIO
1109 2360 1374 2382 CASTELLORUM
1398 2359 1446 2381 AB
1470 2359 1671 2382 OPPIDANIS.

446 2433 531 2463 Dum
546 2432 610 2476 hec
623 2432 669 2463 ita
682 2437 855 2474 geruntur,
873 2431 937 2462 vici
956 2430 1165 2472 castellaque
1183 2429 1428 2471 propemodum
1446 2430 1557 2461 omnia
1583 2429 1637 2461 vel
1662 2430 1882 2461 munitissima
1898 2441 1918 2461 a
1935 2429 2203 2472 Tiphernatibus

358 2497 376 2517 e
401 2486 556 2527 professo
580 2478 794 2521 defecerunt,
827 2494 869 2515 ne
902 2484 1199 2515 maturescentium
1226 2483 1361 2525 frugum
1386 2483 1554 2514 beneficio
1579 2483 1815 2515 destituantur.
1864 2482 1962 2515 Hanc
1993 2480 2204 2516 deditionem

357 2539 450 2570 cives
474 2548 535 2579 pro
560 2537 756 2569 conditione
781 2544 969 2578 temporum
994 2537 1101 2568 oculis
1126 2536 1386 2567 conniventibus
1411 2536 1514 2567 facile
1539 2536 1702 2573 tolerant;
1729 2547 1845 2567 verum
1870 2536 1896 2567 si
1922 2546 2020 2568 secus
2044 2534 2201 2574 sentiant,

359 2591 541 2633 prohibere
566 2591 808 2633 nequivissent,
833 2600 921 2635 equa
952 2601 1040 2631 pene
1073 2600 1113 2621 ac
1139 2590 1256 2621 maiori
1286 2589 1480 2621 laborantes
1510 2590 1641 2631 inopia3
1675 2590 1823 2621 castellis
1852 2600 1934 2633 ergo
1965 2588 2203 2622 deficientibus

360 2645 571 2677 obsessorum
597 2645 727 2676 animus
758 2644 895 2675 minime
920 2644 1122 2677 immutatur,
1154 2643 1236 2684 quin
1261 2643 1372 2674 omnia
1404 2643 1546 2674 viriliter
1577 2649 1690 2685 agant,
1722 2643 1815 2674 urbis
1846 2654 1906 2674 sue
1938 2643 2017 2675 solis
2048 2643 2204 2676 menibus

360 2698 520 2730 contenti.
568 2696 702 2734 Quibus
726 2697 826 2728 salvis
851 2707 919 2728 non
943 2702 1103 2728 verentur
1128 2696 1317 2737 municipes
1341 2706 1428 2733 suOS,
1453 2696 1561 2727 soluta
1586 2695 1774 2733 obsidione,
1798 2695 1844 2728 ad
1867 2696 1941 2727 iura
1965 2696 2107 2738 pristina
2123 2707 2204 2729 con-

360 2751 453 2782 tinuo
478 2757 597 2792 sponte
623 2761 682 2782 sua
707 2760 780 2781 esse
805 2750 984 2781 redituros.
1032 2749 1128 2780 Haec
1152 2755 1266 2781 tamen
1290 2749 1402 2779 omnia
1426 2759 1492 2793 que
1518 2749 1632 2780 hostes
1656 2749 1691 2780 in
1715 2749 1817 2780 fidem
1830 2749 2011 2791 recipiunt,
2028 2748 2204 2782 obsidibus

360 2803 522 2845 acceptis,
547 2803 696 2847 presidio
721 2803 864 2840 firmant,
889 2802 1011 2844 quibus
1036 2808 1150 2846 preter
1174 2808 1398 2833 commeatum
1424 2801 1508 2832 nihil
1532 2801 1625 2833 aliud
1648 2801 1814 2833 indicunt.

450 2931 458 2947 ¹
480 2931 624 2955 Giovanni
644 2932 688 2955 dei
704 2933 785 2956 conti
799 2930 907 2959 Orsini,
927 2932 1037 2963 signori
1053 2931 1082 2954 di
1103 2930 1246 2954 Montero-
1302 2930 1341 2954 IV
1361 2930 1410 2954 che
1430 2931 1459 2954 lo
1481 2929 1605 2962 impiego
1625 2934 1726 2955 contro
1746 2931 1756 2954 i
1776 2930 1888 2955 Vitelli.
1925 2930 1957 2955 V.
1985 2931 2086 2960 Lt‘r'rA,
2112 2928 2200 2955 Himi-

360 2974 458 3003 tonde,
478 2973 556 3005 figlio
578 2973 607 2997 di
634 2973 716 3002 orso,
743 2973 924 2997 condottiero
952 2974 979 2997 ai
1003 2974 1105 3005 servigi
1127 2972 1155 2995 di
1177 2972 1253 2996 sisto
1305 2973 1360 3003 glie
1379 2972 1474 2996 celebri
1493 2973 1611 3002 italiam,
1632 2976 1651 2997 t.
1671 2972 1718 3003 IV,
1739 2975 1795 2997 tav.
1816 2980 1839 3004 7.

450 3088 469 3113 l.
482 3096 498 3120 4
513 3088 581 3113 facti
602 3090 635 3117 A,
654 3095 681 3121 p.
695 3094 737 3119 33.
754 3101 783 3106 —-
799 3088 817 3112 l.
835 3087 864 3112 18
879 3089 1051 3120 -g-ruentium
1073 3089 1100 3117 T,
1115 3096 1137 3112 c.
1151 3086 1211 3112 688.
1226 3101 1257 3105 ——
1274 3088 1291 3111 l.
1308 3094 1341 3111 20
1353 3090 1470 3120 stirpem
1491 3088 1523 3119 A,
1544 3096 1571 3121 p.
1591 3086 1633 3119 36.
1654 3101 1686 3104 —
1707 3088 1724 3112 l.
1746 3095 1777 3120 35
1799 3087 1895 3112 evadit
1913 3088 1947 3118 A,
1967 3095 1994 3120 p.
2014 3094 2057 3120 37.

2226 784 2264 820 10

2226 1108 2263 1140 15

2224 1375 2266 1405 20

2225 1640 2266 1672 25

2227 1908 2269 1939 30

2228 2175 2268 2206 35

2227 2537 2269 2567 40

2229 2802 2269 2833 45
