2388 3439
1085 225 1316 261 ROBERTI
1343 224 1463 261 URSI

349 352 503 395 primitur
519 362 620 394 quam
635 352 768 394 integro
787 360 876 382 anno
893 356 1004 387 antea,
1022 350 1075 381 vel
1093 349 1137 381 ab
1155 348 1417 391 expeditissimis
1430 348 1587 386 librariis,
1602 349 1750 381 currenti
1766 349 1908 386 calamo,
1925 348 2055 381 absolvi
2072 350 2199 392 potuis-

352 412 413 438 set.
459 404 621 437 Nectam
645 405 719 446 ipsa
744 404 933 436 litterarum
950 403 1132 446 elegantia,
1156 414 1257 446 quam
1282 402 1498 444 imprimendi
1517 403 1685 440 celeritas,
1702 403 1823 435 minori
1841 402 2065 435 admiratione
2094 403 2199 446 digna

352 466 413 492 est.
459 458 499 491 Id
523 459 655 491 artificii
672 469 790 501 genus,
804 458 926 489 nostris
951 456 1134 489 maioribus
1158 457 1379 500 incognitum,
1405 468 1447 488 ex
1463 456 1648 488 Germania
1673 457 1854 489 novissime
1874 457 2025 494 defluxit,
2042 456 2086 488 ad
2103 457 2199 489 cuius

351 518 584 545 ornamentum
601 511 705 543 nostri
722 519 855 542 manum
874 510 1025 542 ultimam
1041 510 1150 542 tritius
1167 509 1345 542 addidere.
1391 509 1432 541 Id
1448 510 1557 551 ipsum
1574 509 1672 541 nobis
1696 520 1765 541 non
1788 509 1882 553 vigili
1908 509 2082 542 dumtaxat
2105 520 2198 547 cura,

351 566 412 598 sed
443 566 558 598 divino
590 576 729 596 munere
762 565 873 606 potius
897 563 1108 595 elaboratum
1140 563 1307 595 creditur:
1334 573 1451 594 verum
1483 569 1607 600 tamen,
1632 570 1668 595 ut
1699 564 1764 595 hoc
1795 562 1840 594 ad
1871 563 2061 594 mortalium
2093 563 2199 595 decus
2245 562 2263 594 5

351 625 453 662 atque
478 618 630 655 salutem,
654 618 703 650 sic
726 617 812 649 illud
835 616 880 649 ad
905 617 1077 648 hominum
1102 617 1289 658 perniciem
1314 622 1416 658 atque
1445 615 1578 647 urbium
1603 616 1773 648 excidium
1805 626 1942 657 prorsus
1971 616 2199 659 excogitatum

352 672 497 705 videtur.

546 742 661 774 URBIS
686 750 814 773 FACIES
826 750 966 777 ‘QUALIS
982 750 1151 772 PROPTER
1169 750 1274 772 PILAS
1293 750 1338 771 ET
1354 749 1457 772 ICTUS
1473 750 1519 772 ET
1536 749 1681 772 RUINAM
1698 749 1979 772 BOMBARDARUM
1993 739 2014 771 ¹·

438 826 705 860 Acerbissimum
729 837 812 869 ergo
837 827 950 858 fuerat
973 825 1122 869 grandes
1147 825 1290 856 eiulatus
1322 825 1405 856 urbe
1430 831 1500 857 tota
1524 825 1654 862 audire,
1687 825 1844 867 quotiens
1868 824 2102 857 huiuscemodi
2122 825 2200 871 pilg,

351 887 444 914 tanto
468 880 614 922 impulsu
637 886 739 922 atque
765 879 969 923 fragoribus,
994 879 1202 920 privatorum
1227 879 1346 911 domos
1370 878 1607 920 penetrabant,
1632 884 1791 920 tectaque
1817 889 1893 910 curn
1918 877 2077 910 tabulatis
2105 889 2202 910 ever-

351 934 478 967 tebant.
524 933 717 965 Identidem
741 943 818 965 cum
844 933 955 964 fumus
980 932 1207 974 praeveniens
1224 931 1370 964 subitum
1388 932 1486 973 pi'lae
1504 932 1688 963 adventum
1705 931 1987 973 prospiciebatur,
2013 943 2032 964 e
2056 933 2200 975 vestigio

348 999 414 1030 per
437 987 515 1018 vias'
540 997 670 1029 perque
694 986 828 1018 theatra
852 986 965 1018 omnia
988 996 1095 1027 pavor
1119 992 1153 1017 et
1177 986 1270 1028 fuga,
1294 984 1409 1027 quoad
1432 985 1689 1026 pulverulentus
1719 985 1942 1027 ruinosusque
1967 985 2091 1027 lapidis
2114 986 2201 1017 ictus

352 1041 560 1073 evanuisset:
586 1051 661 1071 eam
689 1039 732 1071 ob
764 1050 835 1071 rem
860 1039 1074 1071 obsessorum
1099 1038 1263 1070 habitatio
1295 1038 1605 1070 incommodissima
1637 1044 1719 1075 erat,
1744 1044 1803 1070 aut
1826 1038 1889 1069 sub
1913 1038 2112 1076 fornicibus,
2143 1045 2202 1071 aut

350 1095 395 1127 ad
419 1095 480 1126 soli
505 1093 730 1135 superficiem.
750 1092 823 1124 -Ubi
848 1099 961 1124 autem
985 1092 1170 1134 aliquando
1195 1092 1267 1123 sine
1292 1091 1474 1133 dispendio
1498 1102 1611 1122 rerum
1635 1091 1705 1133 pila
1730 1091 1935 1129 evolaverat,
1967 1098 2047 1124 tunc
2078 1093 2201 1135 ingens

352 1147 587 1189 praestabatur
618 1147 754 1178 occasio
787 1146 950 1178 sollicitos
974 1145 1153 1177 recreandi
1180 1145 1326 1177 animos:
1352 1150 1433 1176 tunc
1466 1145 1602 1189 facefig,
1627 1151 1708 1176 tunc
1737 1144 1833 1181 risus,
1858 1145 2014 1187 salesque
2046 1145 2202 1177 omnibus

351 1201 568 1243 inpromptu
592 1206 699 1237 erant,
724 1199 847 1242 quibus
871 1199 1052 1236 interdum,
1076 1199 1171 1230 irrito
1195 1198 1403 1235 discrimine,
1428 1198 1615 1230 refocillari
1635 1198 1811 1229 licentiose
1830 1197 1945 1229 datum
1964 1205 2024 1230 est.

2229 878 2267 909 10

2228 1144 2266 1176 15

503 1325 693 1357 NICOLAUS
717 1323 914 1362 VITELLUS‚
938 1334 1021 1356 BONI
1046 1334 1150 1361 CIVIS,
1174 1332 1312 1355 MILITIS
1336 1332 1382 1354 ET
1406 1332 1626 1355 DICTATORXS
1650 1332 1800 1355 MUNERE
1824 1332 2009 1356 FUNGITUR
2023 1323 2045 1354 ².

438 1396 603 1442 Nicolaus
631 1409 774 1442 Vitellus
798 1409 933 1442 interim
958 1409 1070 1441 omnia
1095 1409 1163 1440 suis
1188 1408 1337 1440 humeris
1361 1408 1540 1445 sustinens,
1554 1408 1755 1449 tempestive
1782 1414 1906 1440 cuncta
1930 1407 2087 1446 librabat,
2108 1409 2202 1441 nullo

352 1471 410 1496 aut
433 1463 556 1496 turbati
581 1469 640 1495 aut
664 1463 845 1495 exultantis
868 1463 970 1495 animi
996 1469 1088 1495 motu
1112 1462 1258 1504 prodito,
1283 1468 1317 1494 et
1341 1461 1421 1494 dum
1438 1461 1533 1494 videt
1557 1461 1671 1493 hostes
1696 1462 1828 1505 magnis
1852 1461 2013 1504 operibus
2029 1468 2141 1494 castra
2168 1469 2203 1495 et

352 1528 499 1562 aggeres
515 1517 656 1555 munire,
673 1517 822 1559 reliquas
839 1517 956 1559 copias
973 1523 1167 1558 expectare,
1184 1522 1287 1558 atque
1313 1526 1355 1547 ex
1382 1514 1631 1557 oppidanorum
1648 1514 1778 1560 prediis
1802 1515 1974 1548 frumenta
1997 1526 2211 1557 comparare,
2236 1516 2279 1548 20

300 2046 332 2064 10

302 2254 331 2280 15

391 1657 521 1681 Germani
536 1658 582 1680 sed
599 1664 665 1687 quae
683 1657 770 1681 studio
801 1657 921 1680 invenere
937 1657 1052 1688 priores,

426 1700 602 1723 Reddidimus
619 1694 698 1723 tertis
715 1697 905 1728 'Itaecfmeliora
924 1699 999 1723 notis.

398 1742 519 1773 Undique
537 1742 668 1774 congeries
686 1741 815 1765 librorum
833 1744 917 1769 vasta,
937 1747 982 1764 nec
1000 1747 1117 1771 unquam

427 1784 657 1816 Bellerophonte&
676 1785 748 1816 copia
767 1789 852 1808 maior
864 1792 957 1815 aquae.

385 1821 495 1850 'Emicat
515 1828 618 1859 insigni
634 1835 678 1851 seu
698 1836 768 1851 nunc
790 1826 927 1859 Cyllenius
945 1828 1022 1854 astro,

428 1869 480 1893 Seu
500 1873 596 1894 natura
616 1877 694 1894 novas
711 1872 824 1901 tempore
835 1868 938 1899 fundit
956 1871 1021 1899 opes.

397 1911 483 1934 Cedz‘te
502 1913 556 1935 iam
575 1912 681 1939 calami,
692 1910 754 1934 >iam
773 1912 868 1935 redunt
887 1911 988 1934 anseris
1006 1909 1075 1936 alae,

427 1953 517 1984 Supra
535 1954 670 1977 hominum
689 1955 757 1977 vires
776 1953 881 1977 tollitur
900 1952 1044 1984 ingenium.

392 1995 516 2018 Plaudite
533 1996 670 2027 scriptores
692 1996 782 2023 Graii,
798 1995 954 2026 pariterque
973 1993 1075 2021 Latini,

432 2036 577 2061 Candidior
595 2038 664 2060 vobis
679 2037 768 2069 gloria
787 2040 886 2068 semper
905 2037 964 2059 erit.

397 2078 437 2102 Pu
455 2086 555 2109 quoque
569 2080 710 2110 posteritas
728 2082 782 2103 tam
798 2080 901 2112 grandi
919 2086 1025 2101 munere
1037 2077 1124 2107 felix,

427 2120 526 2145 Annua
545 2122 624 2144 redde
639 2122 685 2152 pio
702 2121 784 2145 thura
803 2121 903 2144 Sabaea
925 2120 978 2144 Iovi
997 2120 1056 2150 (M).

570 2164 646 2188 B1BL.
666 2164 745 2188 Arm.
764 2163 854 2193 Rom„
877 2163 937 2188 Cod.
959 2169 1035 2195 1337,
1055 2171 1077 2187 e.
1100 2170 1156 2195 132.

448 2205 455 2222 ¹
476 2207 634 2231 Bombarda
655 2206 779 2231 dicevasi
800 2202 947 2231 un'antica
966 2206 1113 2230 macchina
1128 2206 1253 2230 militare

360 2249 394 2274 da
411 2249 524 2274 Tanciar
541 2255 638 2281 grosse
658 2249 757 2281 piene,
776 2247 825 2280 pii:
851 2243 946 2280 spesso
973 2248 1069 2272 suochi
1096 2248 1252 2276 artifiziati⁷

357 2298 404 2315 ma
427 2290 506 2323 do‘po
525 2290 949 2322 l’inv'enzione‘della‘polvere
968 2292 1067 2321 questo
1087 2297 1169 2314 nome
1182 2289 1252 2322 s'ap-

359 2331 436 2364 plico
455 2332 491 2356 ad
512 2332 580 2364 ogni
598 2338 699 2363 genere
724 2331 920 2363 d’artiglieria.
959 2331 1025 2362 Tipi
1052 2330 1082 2354 di
1102 2330 1252 2354 bombarde

359 2375 485 2399 nannoni
495 2382 509 2398 e
523 2374 552 2398 di
565 2374 718 2398 bombarde
732 2374 835 2397 mortai
850 2374 880 2397 in
894 2373 1074 2403 ANGELuccr,
1095 2373 1254 2396 Documenti

358 2417 454 2440 inediti
474 2419 524 2447 per
542 2416 568 2439 la
586 2416 668 2441 storia
687 2415 754 2439 delle
773 2416 845 2439 armi
871 2416 905 2439 da
922 2414 1006 2445 saoce,
1032 2415 1148 2443 Torino,
1178 2414 1252 2446 1869,

1311 1655 1324 1667 “
1335 1657 1392 1679 uno
1405 1654 1523 1678 innanzi
1537 1654 1665 1678 all’altro
1679 1661 1770 1679 messo
1784 1654 1813 1678 in
1831 1655 1953 1679 fortezza
1966 1656 1994 1679 et
2003 1654 2202 1687 guardavansi.

1307 1697 1319 1710 “
1333 1697 1416 1721 Anco
1446 1697 1538 1721 fecero
1558 1697 1577 1720 li
1598 1696 1669 1721 detti
1691 1696 1850 1721 Castellani
1879 1705 1935 1721 una
1963 1698 2052 1721 recisa
2074 1698 2138 1721 fuor
2157 1697 2202 1722 del

1309 1740 1320 1751 ‘¹
1332 1740 1423 1764 Ponte
1443 1739 1486 1763 del
1502 1739 1596 1769 Prato,
1619 1739 1646 1763 la
1660 1739 1742 1770 quale
1756 1747 1802 1764 era
1816 1739 1904 1771 longo
1917 1739 1939 1763 il
1959 1739 2065 1764 Tevere
2080 1741 2107 1764 et
2121 1740 2204 1764 have—

1309 1782 1367 1806 “va
1388 1789 1424 1805 un
1445 1789 1554 1814 greppo
1575 1781 1635 1806 alto
1655 1789 1709 1805 eon
1731 1781 1756 1805 le
1774 1781 1939 1806 balestriere
1958 1789 1974 1806 a
1994 1783 2076 1814 poter
2095 1783 2169 1805 stare
2189 1790 2203 1806 a

1309 1823 1323 1836 “
1333 1823 1434 1853 dffesa,
1452 1824 1480 1847 et
1494 1825 1594 1854 questo
1609 1823 1640 1846 fu
1655 1823 1728 1847 fatto
1742 1822 1842 1856 perch'e
1856 1831 1912 1847 non
1933 1825 2078 1856 potessero
2098 1824 2204 1855 toglicr

1308 1867 1442 1898 “l’acqua
1463 1867 1507 1890 del
1529 1867 1639 1891 molino
1659 1867 1704 1891 del
1724 1867 1824 1891 Ponte.
1862 1867 1945 1891 Anco
1965 1867 1996 1890 su
2011 1866 2167 1891 fortificato
2183 1867 2203 1891 il

1309 1909 1322 1922 ί(
1334 1910 1413 1934 detto
1435 1910 1545 1933 molino
1565 1909 1610 1933 del
1631 1909 1723 1933 Ponte
1743 1916 1796 1933 con
1817 1909 1905 1941 ripari
1925 1911 1953 1933 et
1973 1916 2044 1933 anco
2066 1910 2095 1933 fu
2113 1909 2204 1933 torbi-

1311 1952 1403 1976 “dato
1426 1952 1446 1975 il
1473 1951 1580 1975 chere
1607 1952 1656 1976 che
1683 1959 1740 1975 non
1768 1954 1912 1983 potessero
1938 1958 2059 1984 passaw,
2084 1953 2112 1975 et
2131 1959 2203 1976 anco

2231 1700 2263 1728 35

2230 1915 2265 1941 40

1310 1996 1414 2018 “stava
1435 2002 1492 2018 uno
1513 1994 1589 2018 nella
1609 1994 1698 2018 Torre
1727 1993 1900 2018 dell'Oriolo
1921 1995 1948 2017 et
1967 2001 2025 2017 uno
2052 1993 2108 2017 alla
2133 2001 2204 2018 cam-

1309 2037 1405 2067 “pana
1426 2037 1469 2060 del
1497 2034 1615 2069 potesta,
1637 2035 1686 2061 che
1709 2036 1822 2068 quando
1847 2037 1979 2061 tin-avano
2006 2036 2032 2059 le
2051 2036 2204 2060 bombarde

1310 2080 1480 2104 “sonavano
1500 2079 1580 2104 accio
1607 2080 1656 2104 che
1683 2080 1808 2104 l’huomo
1829 2081 1852 2103 si
1874 2081 1985 2111 potesse
2004 2079 2150 2111 guardam,
2175 2081 2204 2103 et

1311 2122 1323 2135 *Ὺ
1334 2130 1406 2146 anco
1426 2122 1540 2154 quando
1556 2122 1702 2146 vedevano
1716 2130 1829 2154 passare
1842 2129 1856 2145 e
1870 2123 1968 2145 venire
1989 2129 2069 2145 verso
2089 2121 2117 2145 la
2132 2119 2203 2146 citt&

1307 2166 1415 2197 “gente
1435 2165 1572 2189 sacevano
1593 2165 1702 2189 avisata
1723 2166 1797 2189 tutta
1818 2165 1845 2189 la
1865 2161 1944 2188 cittin.

1399 2207 1445 2231 “Il
1475 2208 1554 2232 detto
1580 2207 1723 2232 cardinale
1750 2208 1808 2231 fece
1833 2208 1948 2240 capitan
1975 2207 2019 2230 del
2047 2213 2147 2239 campo
2173 2207 2204 2231 di

1310 2250 1418 2282 “sopra
1438 2250 1468 2274 P.
1488 2250 1514 2274 S*
1533 2250 1552 2274 Ι,
1569 2251 1586 2274 i]
1604 2251 1683 2275 detto
1699 2251 1798 2282 signor
1811 2250 1893 2278 Pino,
1915 2247 2092 2281 imperocche
2104 2249 2131 2273 ci
2144 2256 2203 2273 era—

1310 2293 1322 2305 “
1335 2300 1372 2317 no
1391 2293 1487 2324 gionti
1507 2292 1589 2317 molti
1610 2294 1729 2325 signori,
1756 2291 1818 2317 εἰοὲ
1838 2293 1858 2316 il
1878 2291 1991 2324 figliolo
2017 2292 2062 2316 del
2087 2293 2203 2324 signore

1309 2335 1361 2358 “di
1381 2334 1530 2365 Mantova,
1551 2335 1571 2358 il
1599 2336 1698 2367 signor
1723 2334 1838 2359 Giovan
1859 2335 2016 2358 Francesco
2035 2334 2071 2358 da
2096 2335 2202 2366 Bagno,

1308 2376 1321 2389 “
1332 2377 1405 2400 eraci
1427 2375 1550 2408 Giorgio
1570 2376 1605 2400 da
1619 2376 1712 2400 Massa
1725 2378 1753 2400 et
1767 2376 1926 2400 Antonello
1941 2375 1976 2399 da
1989 2373 2070 2399 Forn
2090 2376 2119 2399 et
2130 2382 2202 2399 anco

1309 2417 1322 2430 “
1334 2418 1501 2451 Malaspina.
1522 2418 1544 2442 11
1566 2419 1645 2443 detto
1666 2420 1765 2451 signor
1784 2417 1857 2442 Pino
1878 2418 1936 2442 fece
1955 2418 2016 2442 face
2035 2424 2092 2442 una
2110 2415 2203 2442 bastia

2230 2128 2262 2154 45

2230 2339 2264 2365 50

299 2466 333 2484 20
357 2454 426 2490 Isp.
451 2458 472 2487 1,
491 2459 547 2482 tav.
571 2465 623 2482 1-2.
1309 2461 1467 2485 “incontro
1490 2461 1545 2485 alla
1566 2461 1660 2485 chiesa
1681 2461 1709 2485 di
1730 2460 1757 2485 S.
1777 2458 1866 2484 Turne
1876 2458 1918 2492 (ἒ),
1938 2461 2073 2484 incontro
2093 2459 2121 2483 al
2134 2458 2203 2483 Por-

448 2498 458 2515 ²
477 2501 642 2531 Laumzxm,
663 2500 731 2524 H'ist.
746 2500 791 2524 cit.
807 2508 828 2524 c.
844 2502 897 2531 50¹*
909 2499 1014 2531 (Anca.
1027 2499 1105 2524 MAG.
1126 2498 1251 2531 GRAz.)‚:
1309 2502 1400 2527 “tone
1420 2503 1464 2527 del
1485 2503 1663 2535 Cavaglione
1677 2503 1822 2535 predetto:
1842 2504 1870 2526 et
1889 2502 1976 2526 fecela
1992 2503 2050 2526 sare
2072 2502 2153 2526 forte.
2177 2500 2201 2525 Il

362 2538 488 2569 “Fecero
520 2551 628 2568 armare
660 2544 681 2568 11
714 2543 784 2568 detti
812 2543 970 2568 castellani
998 2544 1018 2567 il
1052 2544 1176 2568 Portone
1208 2543 1252 2567 del
1309 2543 1412 2568 “detto
1433 2545 1530 2577 signor
1549 2544 1622 2569 Pino
1642 2545 1699 2569 fece
1720 2545 1785 2568 dare
1805 2545 1832 2568 la
1852 2543 1992 2575 battaglia
2012 2544 2109 2567 inanzi
2131 2543 2152 2566 il
2172 2541 2202 2567 dl
2230 2550 2261 2577 55

362 2586 563 2619 “Cavaglione
589 2588 619 2611 in
645 2585 673 2610 Ρ.
700 2586 726 2611 S.
751 2586 773 2610 Ι.
799 2586 891 2617 (Porta
917 2586 945 2611 S.
970 2586 1111 2617 mammo),
1133 2588 1252 2610 stavano
1310 2586 1361 2609 “al
1381 2587 1459 2610 detto
1479 2588 1600 2618 portone
1613 2587 1657 2611 del
1673 2586 1850 2618 Cavaglione
1864 2588 1891 2610 et
1904 2586 2103 2610 brusciaronlo
2117 2586 2202 2615 tutto,

361 2628 374 2642 “
385 2628 441 2653 alla
459 2628 577 2661 guardia
591 2626 620 2652 di
634 2630 661 2652 et
675 2630 755 2653 notte
768 2630 840 2653 sette
853 2635 940 2652 overo
961 2630 1023 2652 otto
1037 2628 1176 2652 huomini.
1203 2629 1252 2651 Fe·
1308 2627 1321 2640 α
1332 2630 1359 2653 et
1379 2629 1465 2659 quelli
1487 2629 1537 2652 che
1557 2629 1586 2652 lo
1606 2629 1789 2660 guardavano
1805 2628 1950 2652 saltarono
1963 2627 2021 2659 giis,
2034 2629 2063 2652 et
2076 2627 2106 2651 su
2120 2633 2201 2659 prese

301 2673 331 2699 ²5
361 2670 373 2682 “
386 2679 448 2695 cero
467 2672 578 2696 buttare
598 2671 619 2695 11
634 2671 704 2695 detti
725 2671 884 2695 Castellani
897 2672 971 2695 tutte
985 2671 1011 2694 le
1025 2678 1085 2694 case
1099 2671 1143 2694 del
1158 2670 1252 2701 Borgo
1309 2669 1321 2682 ‘¹
1334 2678 1391 2694 uno
1410 2672 1584 2702 scopettiero
1610 2671 1725 2695 todesco
1745 2672 1775 2694 in
1796 2670 1890 2701 quella
1913 2670 2044 2700 mattina,
2064 2669 2094 2693 fu
2116 2669 2201 2693 serito

363 2712 462 2737 “della
481 2713 510 2737 P.
530 2712 557 2737 S.
577 2713 613 2737 M.
633 2713 724 2744 (Porta
744 2713 772 2737 S.
791 2712 893 2743 Maria)
913 2714 940 2737 et
959 2713 990 2737 fu
1010 2713 1152 2745 spianato,
1172 2714 1252 2737 salvo
1309 2713 1321 2725 “
1334 2712 1435 2737 Gelmo
1455 2721 1525 2746 capo
1546 2714 1579 2738 de
1600 2714 1718 2745 squadra
1739 2713 1783 2737 del
1804 2714 1904 2745 signor
1917 2713 1990 2736 Pino
2008 2719 2023 2736 e
2043 2712 2074 2736 fu
2087 2719 2168 2744 preso
2187 2720 2202 2736 e

363 2755 410 2779 “il
431 2756 523 2787 Borgo
550 2756 598 2779 che
618 2756 642 2779 si
668 2756 819 2787 guardava.
857 2755 939 2779 Anco
968 2756 1051 2779 furno
1077 2756 1147 2779 fatte
1166 2756 1252 2779 molte
1307 2756 1444 2779 “menate
1468 2756 1545 2780 detto
1560 2756 1660 2780 dentro
1676 2757 1703 2779 in
1726 2755 1860 2783 Castello.
1897 2754 1928 2778 In
1950 2755 2041 2785 quella
2060 2754 2201 2786 battaglia
2227 2754 2263 2779 60

363 2797 376 2809 “
388 2798 474 2822 recise
493 2800 520 2821 et
538 2797 640 2822 fossati
666 2796 765 2829 perche
784 2798 803 2821 li
825 2798 926 2822 cavalli
955 2805 1013 2821 non
1040 2800 1184 2829 potessero
1211 2805 1252 2821 ve·
1309 2795 1322 2808 “
1335 2797 1437 2821 furono
1457 2799 1541 2822 morti
1557 2797 1639 2821 molti
1655 2797 1700 2821 del
1715 2805 1822 2830 campo,
1843 2798 1916 2820 circa
1929 2797 2010 2824 dieci,
2025 2804 2038 2820 e
2055 2796 2130 2820 feriti
2151 2795 2200 2828 pin

364 2840 454 2863 “nire.
492 2840 573 2864 Anco
593 2839 622 2863 su
637 2842 747 2863 murato
762 2842 878 2864 intorno
894 2840 919 2863 al
934 2839 1024 2864 Ponte
1044 2839 1089 2864 del
1102 2839 1188 2864 Prato
1203 2840 1252 2863 che
1309 2838 1361 2862 “di
1383 2841 1528 2870 quaranta,
1544 2842 1571 2863 et
1587 2847 1658 2864 anco
1680 2840 1782 2863 surono
1795 2839 1871 2863 seriti
1887 2839 1920 2862 de
1934 2838 2023 2870 quelli
2037 2838 2113 2862 dena
2126 2840 2200 2862 terra

302 2887 336 2913 30
365 2882 412 2905 “si
433 2882 542 2906 andava
561 2883 640 2913 quasi
661 2884 776 2914 coperto
790 2882 827 2906 fin
841 2882 905 2906 fuor
919 2882 963 2906 del
978 2882 1078 2906 Ponte.
1116 2883 1198 2906 Anco
1216 2882 1250 2906 fe·
1309 2880 1377 2904 “ma
1397 2882 1491 2913 pochi.
1529 2882 1569 2906 Fu
1592 2882 1664 2906 fatto
1685 2889 1754 2913 capo
1775 2881 1819 2905 del
1847 2888 1946 2913 campo
1973 2881 2006 2904 de
2024 2882 2102 2905 sotto
2122 2880 2143 2904 il
2164 2880 2200 2903 si-

364 2923 453 2948 “cero
481 2924 503 2947 li
533 2923 602 2948 detti
624 2923 782 2948 Castellani
811 2931 849 2948 un
878 2924 1017 2948 revellino
1043 2931 1091 2955 per
1116 2926 1207 2957 porta,
1231 2924 1250 2947 il

365 2965 471 2996 “quale
499 2973 544 2990 era
573 2973 663 2990 messo
684 2967 713 2989 in
733 2966 825 2990 difesa
852 2966 879 2990 di
907 2974 965 2990 essa
992 2969 1019 2990 et
1046 2966 1074 2990 la
1098 2967 1250 2998 guardava.

364 3008 376 3020 ¹‘
390 3007 486 3032 rnanti
506 3008 561 3032 alla
581 3008 658 3032 detta
677 3009 759 3040 porta
779 3009 823 3033 del
842 3007 934 3033 Ponte
953 3016 1038 3032 erano
1058 3010 1100 3032 tre
1114 3008 1251 3037 rivellini,

1309 2923 1321 2935 “
1333 2930 1422 2955 gnore
1442 2924 1471 2947 di
1491 2923 1658 2948 Camerino:
1682 2924 1739 2947 fece
1754 2924 1813 2947 fare
1827 2923 1847 2947 il
1869 2923 1944 2947 ditto
1959 2923 2071 2955 signore
2085 2929 2141 2946 una
2153 2922 2199 2946 ba-

1308 2965 1320 2978 “
1333 2963 1389 2989 stia
1409 2966 1485 2990 nella
1505 2966 1602 2998 ghiesa
1623 2966 1650 2990 di
1671 2966 1696 2990 S.
1718 2966 1831 2998 Angelo
1845 2966 1878 2989 de
1893 2964 2032 2993 Corsano,
2052 2964 2201 3004 fortewper-
2228 2967 2260 3000 65

1310 3008 1322 3021 “
1336 3007 1385 3032 che
1405 3016 1462 3033 non
1483 3016 1510 3033 se
1530 3009 1648 3041 podesse
1668 3009 1772 3033 andare
1791 3009 1821 3032 in
1842 3008 1906 3040 quel
1925 3008 1970 3032 del
1984 3007 2081 3032 Monte
2100 3006 2126 3032 S.
2140 3007 2201 3032 Ma-

450 3122 470 3151 l.
492 3129 519 3147 11
541 3122 596 3149 -lae
615 3122 768 3148 adventum
794 3124 822 3152 T,
843 3131 865 3147 c.
885 3122 945 3156 694.
967 3137 998 3142 -—
1018 3123 1037 3147 l.
1060 3130 1099 3148 η.
1119 3130 1222 3157 perque
1243 3123 1274 3153 A,
1295 3132 1321 3157 p.
1341 3122 1383 3156 46.
