2388 3439
127 839 166 870 10

127 1169 164 1202 15

123 1438 164 1468 20

123 1973 166 2004 30

124 2239 165 2272 35

133 2909 165 2927 10

720 233 791 269 DE
819 232 1099 268 OBSIDIONE
1127 232 1524 268 TIPHERNATUM
1997 236 2043 270 33

192 357 316 395 fidiam,
342 358 541 400 religionem
567 356 711 388 dixere?
737 356 890 394 Quorum
910 357 1045 389 uomina
1060 367 1241 388 recensere
1267 357 1448 391 abhorreo,
1465 363 1625 398 tanquam
1653 357 1905 389 oblitteratione
1931 357 2046 400 digna,

190 412 298 455 magis
321 422 422 454 quam
448 412 620 443 memoria.
668 411 792 443 Testes
818 418 931 442 tamen
956 422 997 442 ex
1023 411 1195 452 oppressis
1220 411 1353 452 plurimi
1372 416 1498 447 extant,
1518 410 1655 442 Nursini
1674 410 1816 447 scilicet,
1834 411 2043 443 Interamna-

189 471 250 502 tes,
274 465 425 502 Reatini,
452 465 712 499 Fabriaoenses.
737 464 926 506 Spoletani.
945 464 1193 498 Viterbienses.
1211 464 1386 501 Asculani,
1406 464 1628 501 Narnienses,
1655 464 1815 501 Firmani,
1840 465 2048 507 Fulginates,

191 518 395 551 Anconitani
422 525 457 551 et
482 518 726 551 Bononienses,
751 519 807 559 qui
835 517 897 549 sub
924 517 1002 549 fidei
1028 517 1170 549 defectu
1196 518 1381 559 perierunt,
1407 528 1471 549 nec
1496 528 1690 559 quenquam
1709 517 1879 549 vindicem
1898 528 2045 559 unquam

191 572 354 609 habuere,
371 571 432 603 sed
451 583 517 603 una
534 582 610 603 cum
628 572 695 603 vite
714 572 845 603 iactura
862 572 1006 612 turpiter
1024 582 1160 613 quoque
1178 571 1287 602 delusi
1303 577 1389 602 sunt.
1426 571 1589 612 Optarem
1605 581 1670 614 ego
1687 571 1834 602 mendax
1849 571 1919 602 fieri
1935 571 2045 612 potius

189 636 292 667 quam
317 636 435 668 augur.
484 625 563 656 Non
581 631 631 656 est
649 625 807 667 neganda
835 624 919 656 fides
937 625 1000 656 civi
1021 631 1054 655 et
1080 625 1163 660 seni,
1189 635 1253 656 nec
1279 624 1384 655 verba
1402 635 1476 655 mea
1502 624 1673 665 neglectui
1702 624 1860 655 habenda
1877 630 1964 659 sunt,
1982 635 2046 656 nec

191 678 302 711 surdis
333 678 472 711 auribus
497 677 768 720 praetereunda:
802 678 827 709 si
862 679 970 710 minus
1003 677 1104 710 video
1130 677 1226 709 vobis
1251 678 1422 710 cruciatus
1447 684 1558 709 certos
1584 683 1617 708 et
1649 677 1723 708 dira
1748 677 1915 719 supplicia
1940 677 2047 708 immi-

190 743 292 769 nere:
318 743 382 765 nec
399 731 554 764 dixeritis
571 742 639 763 non
668 731 859 776 predictum
894 731 999 765 vobis,
1026 731 1206 763 verborum
1232 730 1416 773 aliquando
1442 742 1590 762 meorum
1618 736 1731 761 tamen
1755 741 1831 761 sero
1853 731 2048 762 reminisce-

189 786 281 818 mini.
328 786 422 817 Nihil
457 786 545 817 enim
578 785 803 826 perniciosius
835 795 947 827 quam,
979 785 1013 816 in
1046 785 1183 826 capitali
1217 796 1330 819 causa,
1363 785 1428 816 illis
1453 795 1487 815 se
1514 784 1732 816 commictere
1757 784 1812 826 qui
1839 784 1951 815 omnia
1987 795 2047 825 pro

189 839 330 871 arbit-rio
355 845 389 871 et
413 845 517 882 agant
541 838 637 870 simul
657 844 691 870 et
715 838 885 870 iudicent:
903 838 1026 870 tutiora
1052 839 1194 870 consilia
1212 849 1347 879 semper
1365 838 1498 869 saniora
1517 848 1602 874 esse,
1620 837 1850 869 memineritis
1898 836 2048 880 Lynceis

191 903 274 936 ergo
298 892 406 925 oculis
423 892 535 924 omnia
560 891 737 933 pensanda
762 898 796 923 et
821 892 933 923 omnia
954 892 1180 923 consultanda
1206 891 1377 927 exhortor,
1403 897 1437 923 et
1461 891 1542 923 nihil
1570 897 1708 927 temere,
1734 896 1768 922 et
1791 890 1874 921 nihil
1903 889 2046 932 abrupte

190 945 373 990 agendum.
421 945 713 987 Quandoquidem
732 944 980 987 preteritorum'
1007 946 1092 977 ratio
1110 945 1286 977 scientiam
1305 945 1495 977 futurorum
1513 944 1735 976 certissimam
1760 943 1896 976 tradere
1913 954 2048 985 semper

190 998 426 1032 consueverit.'

648 1083 821 1116 SENIORIS
846 1093 1049 1116 SENTENTIA
1075 1094 1099 1115 A
1125 1093 1372 1116 SENATORIBUS
1399 1092 1581 1115 PROBATA.

279 1168 414 1207 Quibus
438 1169 563 1202 auditis
587 1176 690 1212 atque
716 1170 877 1211 pensatis,
903 1176 1080 1202 senatores
1105 1181 1224 1202 omnes
1249 1170 1351 1212 longe
1377 1169 1485 1211 magis
1509 1168 1679 1200 sollicitati
1706 1173 1792 1203 sunt,
1811 1173 1843 1199 et
1871 1167 2047 1199 admoneri

190 1234 226 1256 se
252 1223 358 1265 probe
383 1223 626 1267 intelligente&
651 1224 685 1254 in
710 1234 813 1254 unum
840 1223 1034 1264 constipati,
1059 1224 1197 1255 reiectis
1221 1222 1514 1257 altercationibus,
1540 1221 1705 1253 rationem
1723 1227 1789 1252 tam
1808 1220 1952 1252 salubris
1969 1231 2050 1252 con-

189 1277 253 1308 silii
280 1283 496 1319 receperunt,
521 1283 624 1319 atque
650 1276 705 1308 ubi
732 1277 767 1307 in
793 1276 881 1308 hanc
907 1277 1110 1308 sententiam
1136 1277 1218 1308 itum
1252 1282 1312 1313 est,
1337 1276 1418 1307 ilico
1435 1275 1479 1306 ad
1505 1275 1599 1316 pacis
1618 1274 1865 1311 rescissionem,
1889 1273 1982 1305 velut
2005 1273 2050 1305 ad

190 1341 369 1362 commune
394 1329 592 1363 incendium
617 1329 898 1372 extinguendum,
931 1340 1006 1361 sese
1039 1330 1246 1362 unanimiter
1270 1329 1459 1361 contulere.
1506 1327 1561 1359 Re
1587 1333 1701 1359 tamen
1725 1327 1783 1358 diu
1808 1337 1849 1358 ac
1874 1326 1988 1358 denuo
2013 1327 2048 1357 in

189 1389 310 1416 senatu
334 1389 553 1425 pertractata,
579 1394 656 1415 cum
681 1394 750 1415 non
773 1383 860 1414 alius
884 1382 932 1414 rei
959 1383 1069 1414 exitus
1092 1383 1314 1419 inveniretur,
1344 1382 1508 1423 optimum
1541 1381 1635 1412 sactu
1668 1380 1797 1421 placuit
1827 1379 2050 1411 remittendos

188 1447 263 1469 esse
287 1436 332 1469 ad
357 1437 598 1479 imperatorem
624 1437 766 1480 legatos,
791 1442 825 1469 et
849 1437 946 1468 simul
972 1447 1049 1468 cum
1075 1437 1126 1467 his
1151 1436 1293 1468 totidem
1319 1447 1360 1467 ex
1385 1435 1454 1467 suis
1477 1434 1618 1471 addere,
1643 1433 1732 1465 datis
1749 1432 1918 1465 mandatis
1943 1439 1978 1464 ut
2001 1433 2045 1464 de

189 1495 284 1522 certa
300 1496 438 1522 senatus
461 1491 631 1522 sententia
655 1491 702 1521 illi
729 1490 842 1522 omnia
867 1490 980 1532 palam
1008 1490 1146 1522 faciant.
1195 1489 1258 1521 His
1276 1489 1448 1522 nuntiatis.
1475 1494 1509 1520 et
1534 1487 1682 1530 benigne
1705 1492 1845 1528 recepta
1864 1486 2046 1529 legatione,

189 1544 352 1586 cognovit
375 1544 562 1585 imperator
585 1544 771 1576 discrimen
795 1555 815 1575 a
832 1544 1048 1576 senatoribus
1064 1543 1108 1576 de
1126 1544 1195 1576 vita
1212 1543 1349 1575 Nicolai
1367 1542 1486 1574 Vitelli
1504 1541 1680 1573 dumtaxat
1696 1539 1941 1582 impedimento
1963 1550 2049 1576 esse,

190 1607 258 1639 quo
282 1597 392 1629 minus
418 1608 484 1638 pax
508 1598 615 1634 fieret,
641 1608 705 1630 nec
730 1597 922 1639 oppidanos
946 1597 1046 1629 aliter
1070 1608 1192 1639 pacem
1217 1603 1348 1638 optare,
1365 1606 1430 1628 nec
1447 1595 1546 1627 aliter
1563 1605 1634 1626 rem
1652 1593 1791 1636 transigi
1811 1604 1921 1634 posse.
1968 1593 2051 1624 Fre-

189 1649 337 1687 dericus,
352 1651 471 1683 horum
496 1652 692 1693 opinionem
718 1651 915 1688 admiratus,
940 1652 997 1694 qui
1022 1651 1058 1683 in
1083 1651 1174 1683 hunc
1198 1651 1309 1692 ipsum
1326 1656 1394 1682 tam
1412 1648 1673 1692 flagrantissimo
1691 1657 1806 1679 amore
1823 1647 2049 1682 afficerentur,

190 1703 379 1736 eorundem
403 1705 718 1748 magnanimitatem
744 1715 959 1747 summopere
986 1704 1148 1741 laudavit,
1174 1710 1208 1736 et
1224 1704 1364 1747 dignam
1382 1703 1516 1735 censuit
1532 1703 1567 1733 in
1582 1700 1762 1733 annalibus
1779 1699 2048 1732 memorabilium

190 1767 290 1799 posse
327 1758 457 1800 reponi.
505 1754 766 1801 Amicioresque
800 1769 858 1790 eos
889 1769 1026 1800 semper
1062 1758 1190 1795 habuit,
1230 1757 1274 1790 ob
1306 1763 1398 1789 tante
1432 1756 1563 1788 virtutis
1595 1754 1831 1791 constantiam,
1863 1764 1904 1785 ac
1936 1759 2049 1797 mutue

190 1811 326 1853 pietatis
351 1812 518 1854 exempla.
566 1813 700 1855 Equum
724 1814 828 1856 igitur
852 1813 993 1855 putavit.
1011 1820 1079 1845 tam
1096 1813 1231 1854 optimis
1248 1811 1464 1855 cogitatibus,
1481 1817 1619 1852 tamque
1644 1807 1875 1840 laudatissimo
1894 1807 2050 1843 facinori,

190 1865 413 1898 saluberrime
438 1866 701 1901 succurendum.
726 1873 796 1898 tum
813 1866 858 1898 ob
882 1868 1058 1910 egregiam
1084 1867 1328 1898 humanitatem
1353 1866 1388 1897 in
1413 1876 1453 1896 eo
1478 1875 1498 1896 a
1523 1869 1643 1895 natura
1667 1862 1813 1898 insitam,
1838 1866 1907 1892 tum
1932 1859 1978 1891 ob
2000 1860 2051 1891 in-

189 1918 348 1951 cohatam
373 1920 700 1957 reconciliationem,
725 1931 827 1962 quam
852 1921 941 1952 omni
968 1920 1107 1963 ingenio
1133 1920 1267 1951 firmare
1293 1918 1470 1951 'studebat
1517 1917 1566 1949 Ut
1597 1926 1680 1957 ergo
1712 1914 1877 1946 Nicolaus
1904 1913 2049 1945 Vitellus

189 1973 293 2005 tutior
317 1973 532 2010 redderetur,
557 1973 766 2006 Fredericus
790 1974 875 2015 ipse,
891 1974 1022 2006 itineris
1047 1974 1207 2006 comitem
1233 1974 1268 2004 in
1293 1972 1406 2004 eundo
1431 1982 1471 2003 ac
1489 1970 1667 2003 redeundo
1683 1980 1703 2000 a
1720 1969 1882 2010 pontifice
1908 1978 1976 1999 non
1992 1967 2053 1998 de-

190 2026 340 2058 futurum
364 2037 440 2059 sese
465 2026 577 2059 eidem
603 2027 795 2069 pollicetur,
821 2038 885 2059 nec
910 2027 955 2058 ab
979 2027 1052 2058 eius
1077 2028 1185 2059 latere
1210 2026 1440 2059 discessurum
1465 2035 1625 2067 unquam,
1653 2022 1767 2065 quoad
1796 2022 1905 2063 ipsum
1922 2020 2051 2053 salvum

189 2079 326 2112 duxerit
349 2086 452 2123 atque
481 2080 674 2113 deduxerit.
720 2081 822 2113 Tunc
853 2081 955 2113 etiam
991 2087 1106 2127 preter
1138 2081 1241 2124 legati
1271 2080 1476 2115 cautionem,
1508 2078 1600 2121 regis
1630 2087 1671 2108 ac
1704 2076 1801 2107 ducis
1833 2080 1985 2107 oratores
2016 2074 2051 2106 in

190 2134 310 2166 castris
335 2134 531 2171 existentes,
556 2134 635 2167 fidei
661 2146 681 2166 a
705 2134 820 2178 legato
845 2135 1014 2177 servande
1040 2134 1145 2167 vades
1170 2135 1364 2166 extiterunt.
1412 2132 1488 2164 Hoc
1505 2135 1776 2173 temperamento
1793 2128 1922 2165 addito,
1935 2128 2044 2169 impe-

189 2193 293 2223 rator,
317 2194 385 2220 tam
410 2188 503 2230 apud
529 2188 689 2232 legatum,
714 2199 815 2231 quam
840 2188 932 2230 apud
957 2178 1143 2225 senatores,
1169 2199 1287 2229 parem
1311 2187 1455 2230 gratiam
1481 2185 1543 2217 sibi
1577 2183 1755 2216 contraxit.
1803 2182 1939 2214 Interea
1970 2181 2050 2213 dum

189 2240 303 2273 triduo
327 2241 462 2283 integro
485 2241 575 2273 inter
599 2242 840 2284 imperatorem
859 2253 900 2274 ac
918 2248 1093 2274 senatores
1111 2242 1199 2273 ultro
1224 2241 1379 2282 citroque
1396 2239 1499 2282 legati
1518 2239 1719 2279 frequentes
1743 2236 1957 2267 mitterentur
1973 2236 1992 2271 ,
2017 2240 2051 2266 et

190 2293 338 2327 Nicolao
361 2294 501 2331 Vitello,
527 2295 668 2338 eiusque
693 2295 805 2332 saluti,
837 2294 974 2327 abunde
999 2295 1067 2326 iam
1096 2295 1287 2327 consultum
1320 2293 1504 2329 videretur,
1534 2302 1611 2324 cum
1643 2289 1791 2322 omnium
1816 2288 1965 2320 absensu
1997 2298 2051 2319 res

190 2347 265 2389 ipsa
290 2348 515 2390 componitur,
540 2354 574 2381 et
598 2349 654 2381 die
680 2349 825 2392 locoque
852 2348 962 2381 {ederi
989 2355 1148 2390 accepto,
1172 2348 1262 2380 inter
1285 2346 1493 2379 dissidentes
1508 2346 1544 2377 in
1562 2345 1652 2376 hunc
1668 2343 1806 2375 modum
1823 2341 1924 2374 seclus
1948 2342 2051 2374 ictum

192 2400 292 2433 fuit&

309 2520 387 2544 Cron,
407 2521 455 2545 cit.
476 2520 503 2544 di
526 2521 617 2545 Primo
631 2521 757 2545 ANGELo
772 2527 803 2545 m
819 2520 985 2548 Giovimm.
1002 2528 1028 2552 p.
1043 2527 1093 2551 93:

192 2560 241 2585 A
262 2559 291 2585 di
315 2567 346 2594 29
367 2562 443 2587 ditto
464 2570 568 2587 venero
589 2563 633 2587 nel
654 2570 754 2595 campo
781 2563 803 2586 li
832 2563 1032 2587 ambasciatori
1061 2562 1094 2585 de

216 2603 354 2633 Casteno,
376 2605 394 2628 li
415 2605 492 2636 quali
509 2612 581 2629 sono
595 2606 704 2637 questit
723 2603 784 2629 cioc
799 2613 842 2629 ser
861 2604 1031 2634 Salimbene,
1051 2611 1094 2628 ser

219 2647 327 2670 Batistc
348 2647 380 2670 dc
402 2647 639 2679 Michehngnielo:
660 2655 674 2671 e
695 2647 842 2671 andarono
863 2647 907 2671 nel
929 2647 1094 2679 padiglione

191 2687 260 2713 del
280 2689 434 2716 cardinale.
456 2697 508 2713 con
525 2689 554 2713 lo
569 2690 652 2722 quale
672 2697 701 2714 cc
721 2697 767 2713 era
787 2690 812 2714 el
828 2689 980 2720 patriarca,
999 2696 1014 2713 e
1034 2686 1093 2712 cosi

191 2729 237 2755 li
260 2732 330 2756 detti
352 2732 555 2756 ambasciatori
575 2733 730 2764 parlarono
746 2740 781 2756 un
798 2739 879 2764 penzo
899 2732 995 2756 conlo
1015 2732 1094 2755 (letto

193 2771 372 2801 cardinale
397 2781 412 2798 e
438 2774 467 2798 in
496 2776 597 2806 questo
623 2775 726 2807 gionse
751 2774 776 2798 cl
802 2774 880 2800 duca.
907 2774 988 2805 quale
1016 2772 1094 2797 inti-

220 2815 264 2840 nel
284 2815 454 2849 padiglionc
470 2823 484 2840 e
499 2816 649 2848 pigliando
664 2824 712 2848 per
728 2816 754 2839 la
770 2822 854 2839 mano
874 2815 894 2838 li
916 2816 986 2839 detti
1003 2815 1093 2839 amba

194 2857 354 2884 sciatori:
374 2865 388 2881 e
407 2855 467 2882 cosi
490 2859 608 2882 insieme
628 2865 682 2882 eon
703 2859 756 2882 essi
786 2855 868 2890 parlo
888 2857 912 2881 cl
941 2857 1093 2883 cardinale.

194 2900 234 2924 e
253 2908 306 2924 con
327 2900 475 2933 piacevolc
495 2901 593 2932 parole
614 2901 785 2925 consortava
807 2900 826 2923 li
849 2900 920 2924 detti
942 2900 1094 2924 ambascia-

194 2941 276 2967 torl
296 2943 518 2975 persuadendoli
540 2951 554 2967 a
575 2943 601 2966 la
622 2942 775 2967 ubidienza
796 2942 830 2966 de
851 2943 950 2966 nostro
970 2943 1094 2974 signore.

193 2984 233 3009 e
252 2983 311 3010 cosi
332 2992 359 3009 sc
380 2985 490 3018 partiro
510 2985 530 3009 li
559 2985 629 3009 detti
658 2984 858 3009 ambasciatori
887 2985 954 3008 tutti
983 2985 1092 3017 allegri.

192 3026 294 3059 quali
319 3028 465 3052 ritornaro
485 3035 540 3052 con
562 3027 589 3051 la
609 3027 778 3052 lmbasciata
799 3034 814 3051 a
835 3026 974 3051 Casteno.

1242 2520 1289 2543 A
1310 2517 1339 2543 di
1360 2518 1515 2546 ultimo,dc
1535 2518 1637 2549 agosto
1665 2517 1710 2539 sor
1738 2515 1802 2539 fatti
1832 2515 1850 2538 li
1873 2513 1992 2546 capitoli
2015 2514 2048 2537 de

1179 2563 1206 2585 lo
1226 2562 1331 2586 acordo
1353 2562 1379 2584 in
1404 2561 1446 2584 fra
1467 2560 1491 2584 le
1512 2561 1596 2591 gente
1616 2559 1660 2582 lcl
1682 2565 1753 2590 papa
1774 2564 1787 2580 e
1808 2556 1834 2580 la
1854 2554 2000 2580 comunita
2015 2557 2048 2580 de

1150 2604 1312 2632 Castello,
1333 2603 1369 2627 da
1389 2603 1415 2626 la
1437 2603 1556 2626 mattina
1578 2600 1684 2633 perfino
1706 2608 1720 2623 a
1740 2599 1767 2622 la
1794 2606 1854 2622 sera
1873 2606 1888 2621 a
1910 2599 1932 2622 le
1957 2605 1971 2630 3
2000 2606 2049 2622 ore

1177 2648 1210 2671 de
1231 2648 1311 2671 notte
1327 2646 1424 2669 nanzzi
1441 2645 1491 2669 che
1506 2645 1613 2669 rosseto
1629 2643 1728 2667 foi-niti
1745 2642 1778 2665 dc
1793 2641 1961 2665 concludere
1976 2641 2048 2665 detti

1153 2688 1167 2701 '
1177 2689 1298 2721 capitoli
1311 2706 1331 2717 ,,.

1270 2731 1436 2754 Linconiro
1458 2729 1500 2753 fra
1520 2727 1626 2753 Nicolo
1640 2736 1654 2752 c
1676 2728 1694 2751 il
1717 2727 1823 2759 Legato
1873 2726 1986 2751 riferito
2001 2726 2050 2751 dal.

1151 2775 1270 2798 cronisti
1301 2781 1314 2796 e
1340 2773 1385 2796 dai
1413 2772 1645 2803 contemporanei
1675 2770 1703 2794 in
1732 2769 1817 2793 modo
1843 2769 1976 2793 diverso.-
2003 2769 2048 2792 chl

1151 2817 1278 2840 descrivc
1305 2815 1325 2838 il
1348 2814 1452 2838 Vitelli
1479 2814 1612 2837 umiliato
1639 2820 1652 2836 c
1678 2813 1800 2844 pentito.
1824 2811 1870 2835 chi
1896 2811 1995 2835 Invcce
2022 2811 2050 2834 lo

1151 2859 1281 2891 raffigura
1302 2857 1376 2881 nella
1403 2855 1515 2888 dignita
1543 2864 1556 2879 c
1584 2854 1792 2879 ncll'alterezza
1819 2853 1974 2877 dcll'uonio
1999 2854 2049 2877 che

1150 2901 1185 2924 ha
1197 2900 1421 2932 ingiustamente
1432 2898 1554 2921 sosscrto.
1574 2896 1712 2921 Vediamo
1727 2896 1752 2920 le
1772 2897 1893 2928 oppostc
1908 2896 2048 2919 versioni:

1154 2943 1232 2965 Cron.
1251 2941 1301 2965 cit.
1321 2940 1351 2964 dl
1372 2940 1465 2963 Primo
1488 2939 1611 2963 Annam
1631 2944 1662 2962 m
1682 2937 1854 2967 mox-mm,
1873 2945 1899 2969 p.
1919 2944 1970 2968 93:

1153 2981 1206 3007 di
1228 2985 1321 3015 primo
1341 2983 1375 3006 de
1394 2982 1530 3005 setembrc
1548 2981 1573 3005 el
1598 2980 1744 3005 cardinale
1764 2977 1869 3004 mando
1891 2986 1939 3011 per
1960 2985 2050 3003 mesor

1153 3023 1281 3049 Nicolo
1301 3024 1444 3048 Vitelozzi
1463 3023 1500 3047 da
1520 3023 1658 3050 Castello.
1679 3020 1747 3055 pero
1768 3022 1818 3046 che
1831 3028 1879 3046 era
1899 3022 1975 3045 stato
1995 3022 2049 3045 asi-

253 3142 273 3168 1.
296 3149 325 3167 12
347 3144 422 3169 ratio
443 3143 475 3175 A,
497 3151 522 3177 p.
542 3142 585 3176 83.
658 3143 676 3168 1.
699 3150 730 3175 4
749 3122 892 3167 Summus
918 3143 948 3171 T,
969 3150 991 3167 c.
1012 3141 1072 3176 7-
1093 3155 1124 3160 -
1145 3141 1164 3166 1.
1186 3147 1218 3174 9
1237 3140 1368 3166 studebat
1389 3140 1423 3170 A,
1443 3147 1470 3172 p.
1489 3138 1532 3171 84.

2070 411 2170 432 Nursini.
2220 412 2277 431 lute-

2095 440 2213 458 mmuates.
2226 439 2283 457 Rea-

2100 463 2177 489 [1[nl}.
2191 466 2282 484 Fabria

2100 497 2188 513 nenses.
2204 492 2281 515 Spole

2097 518 2282 539 ianmfiterbien-

2097 551 2138 565 ses.
2167 545 2281 566 Asculani.

2099 571 2168 590 Nnrn
2179 571 2282 593 iun-scs.

2099 598 2205 619 {sunu-ni.
2232 598 2282 617 Ful*

2095 624 2283 646 uitiatus,'1*udcr

2097 651 2146 671 lini.
2164 651 2283 670 Anconita-

2084 683 2113 699 ,
2124 678 2282 697 lim-oniense&

2072 1432 2150 1456 Legm
2160 1433 2285 1458 oppidano-

2097 1465 2145 1478 rum
2166 1459 2193 1478 aul
2216 1460 2285 1484 impe-

2097 1489 2202 1506 miore-ni.

2073 1914 2138 1933 secui
2145 1913 2187 1932 ilas
2201 1913 2290 1933 Nicolai

2100 1939 2189 1960 Vitelli.

2081 2559 2110 2585 5

2080 2773 2112 2791 20

2079 2987 2111 3013 25
