2388 3439
335 1950 347 1973 Ξ

321 2162 352 2179 10

323 3000 356 3026 ³0

1086 196 1492 234 INTRODUZIONE

369 333 405 368 di
434 333 532 368 Citth
562 330 597 364 di
627 328 786 364 Castello
815 327 851 361 di
882 329 1100 372 trasportare
1123 324 1159 357 in
1180 322 1363 357 territorio
1383 320 1579 356 florentino
1606 320 1620 337 ‘⁴
1640 320 1728 355 certi
1748 319 1829 354 loro
1857 318 1967 366 guadi
1986 345 2019 365 ,‚.
2055 319 2085 354 11
2113 319 2213 366 Papa

366 398 520 437 intanto,
552 405 622 428 con
650 391 768 425 Breve
798 389 856 422 del
886 387 932 423 25
964 387 1117 431 giugno‚
1149 384 1385 419 confermava
1417 395 1438 418 a
1467 382 1651 417 Galeazzo
1680 382 1714 416 le
1742 393 1805 416 sue
1843 381 2040 417 intenzioni
2070 381 2105 416 di
2136 392 2210 415 non

368 459 470 495 voler
500 456 544 490 da
573 453 736 489 Niceolo
768 450 893 486 Vitelli
922 449 1016 483 altro
1046 448 1114 481 che
1136 445 1376 489 obbedienza‚
1408 457 1427 478 e
1458 449 1689 490 prometteva
1717 443 1905 478 clemenza
1934 455 1954 477 e
1982 444 2082 489 pieta
2111 443 2210 478 anzi-

368 521 434 556 che
464 517 634 553 vendetta
652 513 672 548 ¹.
716 511 868 548 Laonde
898 510 1050 544 Firenze
1080 509 1108 542 si
1140 513 1323 542 mostrava
1363 508 1499 542 incerta
1537 517 1556 540 e
1593 506 1772 541 titubante
1809 505 1899 540 sulla
1936 505 1996 539 via
2025 503 2071 539 da
2103 516 2212 550 pren-

371 583 473 617 dere:
504 592 548 614 ne
578 580 597 612 e
627 588 743 623 prova
772 585 839 609 una
870 573 997 608 lettera
1026 570 1158 605 diretta
1186 571 1210 604 il
1243 568 1288 606 27
1322 569 1357 603 di
1386 570 1523 615 giugno
1552 568 1583 602 al
1614 567 1796 611 Soderini,
1835 579 1903 602 suo
1937 567 2208 603 ambasciatore

371 655 496 691 presso
523 641 547 675 il
577 641 682 674 Duea
703 637 738 672 di
758 636 914 679 Milano,
944 634 980 668 di
1009 632 1145 668 dubbia
1164 631 1483 677 interpretazione.
1527 629 1664 669 Quindi
1685 636 1825 665 mentre
1845 629 1879 664 la
1907 627 2141 676 Repubblica
2161 640 2214 662 se-

372 708 519 753 guitava
547 715 567 737 a
595 703 680 736 dare
709 698 895 734 istruzioni
915 696 947 730 al
977 695 1244 730 commissario
1263 693 1353 728 Nasi
1375 705 1394 726 e
1413 704 1488 726 non
1507 691 1643 728 voleva
1663 691 1731 726 che
1761 691 1856 726 fosse
1877 690 2215 737 approvvigionato

373 768 555 803 l'esercito
592 762 724 812 papale
745 767 875 795 contro
905 759 1005 793 Citta
1033 758 1070 792 di
1100 756 1262 791 Castello
1291 756 1336 790 da
1364 766 1519 789 nessuno
1548 754 1608 788 del
1638 754 1763 799 Borgo
1792 753 1829 788 S.
1859 753 2043 799 Sepolcro
2062 750 2085 797 ²,
2115 751 2216 787 nello

372 836 486 867 stesso
522 834 663 871 tempo,
701 835 766 870 per
802 833 878 856 non
905 830 1077 855 mancare
1106 818 1176 853 alla
1203 817 1287 853 fede
1317 817 1354 851 (11
1382 817 1556 851 aderente
1585 828 1604 850 e
1635 815 1829 861 collegata,
1859 813 2055 850 scriveva³
2093 814 2215 850 all’ar-

373 895 572 928 civescovo
593 887 797 928 florentino,
819 896 884 918 suo
905 883 1029 928 legato
1049 892 1175 927 presso
1194 880 1230 914 la
1249 879 1360 914 Santa
1380 878 1491 923 Sede,
1510 878 1547 912 in
1567 878 1693 914 favore
1721 877 1815 913 della
1836 879 1925 912 citta
1944 888 1964 911 e
1984 876 2044 912 del
2073 876 2215 913 Vitelli.

462 954 519 989 La
547 956 651 998 parte
681 946 919 982 intellettuale
949 945 986 979 di
1015 943 1183 986 Firenze,
1215 941 1335 988 quella
1355 941 1422 976 che
1442 941 1570 975 saceva
1590 951 1683 985 capo
1702 939 1994 974 all'Accademia
2012 938 2216 984 Platonica,

371 1015 623 1064 spalleggiava
652 1011 685 1045 la
712 1008 863 1056 politica
893 1006 952 1042 del
981 1016 1147 1053 governo
1176 1015 1195 1038 e
1225 1004 1285 1039 dei
1314 1002 1469 1047 Medici,
1489 1003 1567 1037 cosi
1586 1013 1652 1048 per
1669 1002 1811 1047 ragioni
1829 1001 2005 1048 politiche
2027 1012 2135 1036 come
2153 1012 2219 1047 per

370 1078 480 1115 ideali
500 1076 536 1111 di
556 1074 728 1110 umanita.
784 1070 906 1106 Infatti
926 1067 1225 1113 all'impressione
1245 1066 1303 1101 dei
1324 1065 1637 1110 contemporanei,
1658 1076 1732 1098 non
1751 1075 1862 1098 meno
1882 1064 1949 1098 che
1979 1062 2038 1098 dei
2065 1063 2217 1110 posteri,

374 1143 557 1187 l'impresa
585 1137 621 1172 di
650 1136 748 1170 Sisto
778 1134 925 1169 doveva
952 1130 1117 1177 apparire
1139 1140 1246 1164 come
1277 1140 1347 1162 una
1375 1128 1620 1174 inopportuna
1642 1138 1661 1161 e
1681 1126 1804 1173 palese
1824 1125 2034 1160 violazione
2053 1125 2114 1161 dei
2133 1130 2222 1161 trat-

374 1205 442 1239 tati
471 1202 517 1238 ed
547 1210 667 1237 essere
697 1196 951 1232 condannata:
983 1204 1077 1228 ecco
1105 1191 1239 1238 perche
1266 1190 1291 1224 il
1319 1189 1487 1225 Rucellai
1503 1187 1525 1234 ⁴,
1554 1189 1579 1223 il
1608 1200 1736 1235 parere
1766 1189 1824 1224 del
1861 1187 1965 1234 quale
2003 1188 2097 1222 ebbe
2129 1199 2220 1234 gran

374 1277 464 1313 peso
501 1263 594 1298 nelle
632 1259 811 1295 decisioni
841 1256 938 1292 della
966 1254 1214 1301 Repubblica,
1233 1253 1350 1288 scrive
1371 1252 1439 1286 che
1459 1251 1482 1286 il
1513 1252 1630 1298 Papa:
1666 1251 1797 1285 “initio
1825 1250 2067 1296 pontificatus,
2088 1250 2221 1297 princi-

383 1329 396 1346 “
414 1339 498 1374 pem
521 1324 753 1361 Tifernatum
772 1319 972 1357 Nicolaum
1000 1316 1192 1352 Vitellium
1221 1315 1368 1350 anxium
1389 1314 1436 1348 de
1454 1314 1563 1348 rebus
1591 1314 1662 1348 suis
1691 1312 1947 1360 chyrographo
1977 1312 2219 1355 confirmavit,

380 1392 394 1408 ‘⁴
414 1391 510 1424 bene
539 1399 580 1421 ac
600 1385 757 1420 feliciter
776 1393 921 1429 sperare
943 1379 1100 1415 voluerit
1118 1404 1127 1413 .
1144 1404 1153 1412 .
1171 1404 1180 1412 .
1198 1404 1205 1411 .
1225 1403 1259 1424 ῃ.
1306 1377 1380 1412 Era
1401 1375 1526 1424 quindi
1546 1374 1711 1410 naturale
1733 1374 1800 1409 che
1820 1374 2021 1420 l’opinione
2049 1373 2222 1420 pubblica

377 1454 435 1488 dei
472 1448 674 1487 Fiorentini
703 1447 732 1481 si
761 1444 949 1480 rivoltasse
979 1446 1109 1477 contro
1139 1440 1237 1475 Sisto
1265 1450 1409 1485 appena
1438 1438 1511 1483 egli
1539 1439 1553 1456 “
1571 1438 1616 1472 ad
1646 1437 1722 1472 eius
1748 1437 1861 1483 ipsius
1889 1437 2123 1484 omniumque
2157 1436 2223 1470 Ti-

381 1518 395 1534 “
414 1515 592 1550 fernatum
628 1508 918 1544 internecionem
947 1505 1149 1540 exercitum
1178 1501 1400 1547 compararit
1418 1526 1452 1547 ῃ.
1508 1501 1590 1535 Una
1618 1500 1744 1545 poesia
1773 1498 1831 1532 del
1860 1498 1974 1534 Naldi
1994 1511 2014 1533 a
2043 1499 2219 1533 Lorenzo

376 1577 510 1625 perche
540 1576 568 1609 si
596 1572 816 1618 adoperasse
844 1569 881 1602 in
910 1569 1035 1602 favore
1065 1565 1124 1601 dei
1153 1563 1294 1607 Vitelli,
1332 1562 1535 1608 rispecchia
1571 1567 1735 1608 appunto
1772 1560 1809 1594 lo
1846 1566 1944 1596 stato
1983 1559 2148 1610 d’anirno
2185 1560 2221 1596 di

379 1641 534 1675 Firenze
564 1633 808 1671 all'annunzio
837 1628 1072 1666 dell'assedio
1102 1625 1125 1662 ⁵.

1324 1755 1373 1778 “la
1394 1754 1560 1778 defensione
1580 1753 1654 1777 della
1674 1753 1764 1784 quale,
1784 1760 1861 1776 corne
1887 1751 1902 1776 ὲ
1927 1752 2018 1780 decto,
2045 1752 2190 1783 apat-tiene
2209 1759 2225 1775 a

1326 1798 1337 1810 ‘¹
1350 1798 1398 1820 noi
1409 1799 1435 1820 et
1450 1797 1472 1820 a’
1488 1796 1579 1820 nostri
1594 1795 1737 1826 collegati.
1763 1794 1799 1818 Et
1812 1794 1925 1825 quando
1937 1801 2005 1826 pure
2019 1793 2093 1818 fusse
2106 1793 2224 1824 qualche

465 1768 472 1784 ¹
493 1768 617 1793 PASTOR.
637 1769 676 1795 ap.
697 1765 752 1794 cin,
771 1762 805 1790 ΙΙ,
826 1769 852 1794 p.
872 1760 932 1792 638,
952 1760 1013 1783 doc.
1036 1757 1092 1782 118.

464 1810 474 1825 ²
494 1811 588 1833 Aaou.
602 1808 648 1831 ST.
663 1814 691 1830 01
703 1806 774 1831 Fra..
790 1805 877 1835 Siga„
894 1802 972 1825 Miss.
985 1801 1007 1831 1,
1020 1800 1090 1824 Min.
1105 1799 1137 1828 X,
1151 1806 1174 1823 c.
1192 1804 1238 1830 132
1249 1800 1269 1822 V.

463 1852 473 1867 3
493 1851 585 1874 Ancn.
598 1850 644 1873 ST.
659 1854 689 1871 1›1
704 1848 774 1876 Fm.‚
790 1846 876 1877 Siga..
891 1844 970 1867 Miss.
983 1842 1003 1869 Ι,
1017 1841 1088 1865 Min.
1102 1841 1135 1868 X,
1149 1848 1172 1864 c.
1188 1846 1235 1870 132
1249 1841 1268 1863 V.

379 1895 453 1928 1484,
473 1894 505 1918 28
525 1893 647 1924 giugno:

468 1938 479 1949 ‘⁴
492 1934 717 1966 Archiepiscopo
739 1932 845 1958 nostro,

467 1982 478 1993 ‘¹
491 1976 734 2002 Reverendissime
749 1976 837 2006 pater.
858 1972 911 1995 Noi
927 1970 1078 1994 habbiamo
1093 1975 1174 2001 preso
1189 1967 1274 1991 admi-

380 2024 392 2037 “
404 2023 516 2047 ratione
528 2019 659 2044 havendo
679 2018 772 2041 inteso
792 2016 875 2047 gente
889 2014 993 2037 d'arme
1013 2012 1088 2035 della
1108 2008 1214 2034 santita
1229 2009 1273 2032 del

379 2067 391 2079 ‘¹
403 2072 475 2097 papa
489 2070 576 2087 essere
598 2062 699 2085 vcnute
718 2066 733 2082 a
748 2057 826 2082 Cittii
839 2057 868 2080 di
888 2055 1015 2079 Castello
1036 2061 1084 2086 per
1103 2053 1162 2077 fare
1175 2058 1273 2084 guerra

1329 1841 1340 1852 “
1352 1840 1473 1871 (ragione
1492 1847 1505 1862 e
1519 1839 1570 1862 che
1589 1838 1639 1862 noi
1660 1845 1718 1861 non
1734 1837 1937 1861 intendessimo
1951 1836 1981 1861 di
2001 1837 2098 1867 questa
2117 1835 2226 1871 novitii,

1329 1882 1341 1895 ¹¹
1355 1884 1402 1906 noi
1420 1882 1581 1908 voientieri.
1592 1879 1693 1914 perche
1704 1880 1729 1904 la
1741 1887 1807 1913 pace
1816 1881 1838 1903 si
1855 1886 2044 1911 conservasse,
2059 1879 2226 1911 c‘interpor-

1331 1924 1343 1936 “
1356 1932 1440 1952 remo,
1455 1931 1535 1947 senza
1549 1923 1622 1947 altra
1637 1923 1826 1946 innovatione
1841 1929 1858 1946 0
1872 1921 2007 1946 scandalo
2021 1923 2049 1945 et
2062 1921 2227 1946 turbatione

1331 1968 1342 1980 ‘¹
1354 1968 1419 1996 tale,
1435 1967 1459 1990 le
1479 1973 1542 1990 cose
1562 1965 1778 1998 piglierebbono
1792 1965 1887 1988 buona
1900 1964 1992 1988 forma
2012 1965 2039 1988 et
2057 1964 2150 1995 gratia
2169 1963 2228 1988 alla

1331 2008 1458 2033 “samita
1479 2016 1535 2032 sua.
1573 2008 1609 2032 Et
1629 2015 1658 2032 sa
1679 2007 1706 2030 la
1725 2005 1832 2031 santita
1852 2014 1900 2030 sua
1919 2006 1970 2030 che
1988 2005 2019 2030 di
2039 2006 2088 2030 noi
2107 2006 2135 2030 et
2156 2005 2227 2029 della

1331 2053 1344 2065 “
1357 2053 1418 2076 fede
1431 2054 1527 2076 nostra
1542 2049 1598 2084 pub
1612 2051 1713 2074 havere
1726 2051 1795 2082 ogni
1810 2049 1980 2073 confidentia
1994 2056 2043 2081 per
2057 2050 2165 2080 quanto
2179 2056 2226 2081 po-

380 2108 392 2119 “
405 2115 421 2131 a
441 2106 532 2137 quella
551 2103 628 2131 cittii,
649 2100 672 2125 31
694 2098 793 2133 perche
813 2100 960 2131 sappiamo
983 2103 1084 2119 messer
1098 2093 1212 2124 Nicolo,
1226 2093 1274 2116 che

380 2150 391 2161 ‘⁴
405 2148 418 2173 ὲ
438 2156 507 2179 capo
527 2147 557 2170 di
567 2145 661 2177 quella
675 2141 752 2168 cittii.
767 2148 873 2172 semper
887 2147 976 2163 essere
995 2140 1071 2162 stato
1086 2137 1176 2160 sedele
1189 2138 1216 2159 et
1229 2135 1275 2159 de-

381 2192 393 2204 “
405 2191 553 2215 votissimo
567 2189 704 2212 servitore
719 2185 794 2208 deila
809 2181 915 2207 3111111ῒά
929 2189 988 2211 sua,
1002 2181 1043 2204 sia
1059 2186 1161 2203 ancora
1176 2176 1275 2211 perche

380 2234 495 2265 “quella
516 2229 585 2255 cittii
605 2229 618 2254 =e
633 2228 706 2253 delle
720 2227 858 2257 collegate
873 2226 899 2248 et
913 2222 1075 2248 coaderenti
1090 2222 1163 2245 della
1179 2223 1274 2244 nostra

382 2278 393 2289 ¹·
403 2277 463 2308 lega
483 2273 663 2307 particulare.
700 2271 723 2294 11
751 2267 851 2302 peri-hi·
878 2268 1004 2291 voliamo
1018 2266 1075 2296 che,
1096 2265 1153 2289 alla
1172 2264 1275 2288 havuta

381 2318 392 2331 ¹¹
406 2319 435 2342 di
455 2318 560 2348 questa,
575 2316 645 2339 3131(-
659 2313 734 2337 colla
749 2310 855 2335 33111113
877 2318 924 2333 31111
944 2312 971 2333 et
991 2309 1095 2332 diciate
1116 2308 1212 2337 questa
1226 2313 1275 2329 no-

381 2363 392 2375 “
405 2363 462 2384 stra
475 2358 668 2383 admiratione
688 2358 714 2379 et
730 2355 755 2378 111
770 2355 889 2384 cagione
909 2352 997 2375 d’esse
1011 2349 1210 2383 soprascripte.
1241 2347 1275 2370 Et

383 2405 394 2415 “
408 2404 520 2436 pregate
542 2401 567 2424 111
587 2406 638 2423 sua
658 2395 762 2422 santitii
785 2395 862 2427 vogli
879 2396 908 2418 in
924 2396 1023 2424 questo
1038 2399 1102 2416 caso
1117 2392 1219 2415 havere
1237 2391 1276 2414 ri-

383 2445 514 2477 “guardo
533 2443 591 2466 allo
612 2442 721 2465 honore
741 2438 812 2462 della
833 2438 930 2460 nostra
953 2433 1032 2463 cltta,
1053 2436 1079 2458 et
1094 2433 1165 2458 della
1181 2433 1276 2456 nostra

383 2490 393 2500 *¹
408 2489 478 2518 lega,
497 2493 579 2510 senza
599 2483 759 2515 ignominia
779 2480 853 2503 della
873 2479 955 2510 quale
970 2486 984 2501 a
999 2476 1078 2501 Cittii
1099 2477 1126 2500 di
1148 2474 1276 2499 Castello

383 2534 394 2542 ⁴*
409 2537 465 2554 non
486 2527 541 2561 pub
561 2534 649 2551 essere
671 2526 744 2548 sacta
771 2523 877 2546 iniuria
903 2521 1012 2548 alcuna,
1027 2517 1126 2552 perch'e
1151 2526 1166 2541 a
1187 2517 1236 2540 noi
1250 2518 1277 2540 et

384 2574 395 2586 ‘⁴
409 2573 500 2597 nostri
512 2569 646 2601 collegati
659 2566 832 2599 appartiene,
847 2572 895 2596 per
907 2564 926 2587 11
943 2562 1073 2594 obblighi
1088 2560 1179 2584 nostri
1193 2562 1219 2583 et
1234 2559 1278 2582 de'

384 2613 502 2638 “nostri
521 2611 663 2643 collegati,
686 2610 712 2633 la
732 2608 906 2636 defensione,
926 2612 1004 2629 come
1024 2604 1110 2628 debbe
1130 2609 1225 2634 sapere
1251 2601 1277 2624 la

384 2662 395 2670 ‘¹
409 2653 515 2681 santita
529 2662 585 2682 sua,
600 2650 699 2685 perch'c
713 2652 723 2675 i
735 2649 854 2681 capitoli
867 2648 941 2672 della
954 2649 1049 2670 nostra
1060 2645 1171 2677 legaco'
1185 2644 1276 2667 nostri

384 2700 395 2712 ‘¹
408 2697 554 2723 adherenti
568 2698 595 2720 et
614 2694 759 2725 collegati,
780 2692 885 2715 furono
905 2689 1062 2713 confirmati
1087 2689 1114 2711 et
1133 2686 1278 2710 benedecti

386 2744 396 2754 *¹
409 2742 453 2765 dal
473 2747 523 2764 suo
544 2740 726 2763 antecessore.
765 2735 916 2759 Crediamo
938 2738 1041 2755 ancora
1055 2731 1081 2754 la
1102 2737 1150 2753 sua
1171 2726 1279 2752 santits't

385 2784 397 2796 ‘¹
409 2784 489 2807 debbi
510 2783 611 2805 havere
630 2778 859 2809 singularissin·a
885 2774 1062 2798 advertentis
1077 2774 1103 2795 et
1118 2770 1279 2795 considera-

387 2826 489 2849 “tione
512 2824 569 2847 alla
591 2821 808 2846 conservatione
827 2818 901 2841 della
920 2823 988 2849 pace
1008 2814 1128 2844 d'ltalia,
1150 2813 1280 2837 maxima-

387 2868 399 2880 “
412 2869 502 2891 mente
518 2868 544 2889 in
561 2864 652 2895 questi
664 2863 762 2893 tempi.
793 2859 833 2883 Ne
847 2860 991 2892 possiamo
1004 2857 1114 2880 eredere
1129 2855 1178 2879 che
1191 2855 1217 2878 la
1233 2861 1280 2878 sua

388 2907 526 2938 α3111111111,
548 2909 636 2931 attesa
655 2905 682 2928 la
702 2910 751 2927 sua
777 2900 864 2925 bonta
884 2903 911 2924 et
936 2899 1155 2923 clementissima
1170 2899 1279 2922 natura,

386 2951 398 2963 ⁸
412 2952 548 2982 permettn
569 2950 597 2971 in
617 2948 715 2979 questo
735 2947 830 2976 tempo
850 2943 915 2966 dare
935 2942 1035 2966 alcuna
1054 2941 1174 2972 cagione
1189 2939 1281 2962 (11ῃο-

388 2992 402 3006 “
413 2990 474 3017 vit&
485 2991 595 3020 alcuna,
606 2990 727 3014 maxime
740 2987 770 3010 in
784 2988 882 3017 questo
897 2992 960 3008 caso
975 2984 1003 3007 di
1018 2979 1096 3006 Cittssz
1111 2982 1138 3005 di
1151 2980 1277 3005 Castello

1332 2096 1344 2108 “
1355 2095 1480 2125 tessimo,
1500 2096 1590 2118 atteso
1605 2093 1726 2117 maxime
1740 2100 1754 2116 e
1767 2092 1881 2116 benefici
1897 2092 2016 2116 ricevuti
2032 2091 2107 2115 dalla
2121 2090 2226 2116 santita

1329 2137 1342 2151 a
1353 2144 1412 2165 sua,
1426 2139 1453 2160 et
1467 2137 1494 2160 la
1507 2136 1697 2168 grandissima
1711 2135 1950 2158 dimonstratione
1969 2141 2076 2165 semper
2094 2133 2131 2158 ha
2150 2133 2227 2158 facta

1331 2177 1343 2189 ‘⁴
1356 2178 1386 2202 in
1403 2184 1483 2201 verso
1498 2177 1527 2201 la
1540 2174 1612 2200 cltta
1626 2178 1732 2207 nostra.
1752 2175 1783 2199 di
1796 2175 1845 2199 che
1859 2175 1910 2198 noi
1924 2181 2032 2198 saremo
2048 2174 2227 2198 ricurdevoli.

1330 2219 1386 2243 “Et
1406 2227 1434 2243 se
1453 2220 1611 2243 havessimo
1638 2218 1728 2249 prima
1747 2218 1841 2241 inteso
1868 2217 1969 2241 alcuna
1995 2224 2059 2241 cosa
2079 2216 2109 2241 di
2129 2217 2227 2247 questo

1332 2261 1529 2286 “movimento
1549 2261 1699 2285 habbiamo
1710 2266 1847 2292 speranza
1867 2260 1896 2282 in
1915 2259 1974 2282 Dio
1994 2260 2021 2282 et
2041 2259 2116 2282 nella
2131 2259 2227 2282 nostra

1332 2304 1344 2317 ¹⁴
1357 2306 1466 2337 optima
1486 2302 1618 2334 volontiz,
1638 2304 1687 2327 che
1708 2310 1765 2326 non
1787 2302 1856 2326 sare’
1875 2303 1953 2326 stato
1968 2303 2126 2327 necessario
2140 2301 2237 2333 proce'

1333 2347 1421 2370 “dere
1442 2354 1455 2370 a
1475 2348 1555 2370 tanta
1575 2345 1826 2369 dimonstratione.
1864 2342 1926 2368 Con
1952 2344 2020 2375 ogni
2035 2343 2189 2375 diligentia
2200 2344 2228 2366 et

1333 2390 1345 2403 “
1358 2388 1559 2413 sollecitudine
1579 2388 1667 2411 sarete
1686 2389 1784 2418 questa
1805 2388 1903 2410 nostra
1918 2387 2116 2410 commissione
2134 2387 2162 2409 et
2181 2386 2227 2409 da-

1333 2432 1345 2444 ‘·'
1358 2434 1451 2455 retene
1471 2431 1594 2461 risposta
1614 2437 1668 2453 con
1689 2430 1757 2460 ogni
1777 2428 1914 2460 possibile
1934 2426 2049 2452 celerita
2062 2434 2110 2460 per
2129 2429 2228 2459 questo

1333 2473 1435 2497 “fante
1455 2473 1504 2496 che
1526 2473 1553 2496 vi
1573 2472 1734 2495 mandiamo
1754 2470 1882 2495 volando
1893 2488 1917 2501 „.

1419 2515 1429 2531 ⁴
1449 2515 1642 2540 OlucELLARn
1661 2517 1701 2544 op.
1722 2514 1776 2544 cit„
1790 2521 1815 2546 p.
1831 2519 1920 2545 57-59.
1958 2513 1984 2536 A
1996 2520 2036 2537 un
2048 2514 2124 2536 certo
2138 2514 2228 2544 punto

1333 2560 1354 2582 si
1367 2559 1472 2589 scaglia
1486 2559 1588 2581 contro
1602 2557 1689 2582 Sisto.
1719 2556 1732 2569 ³
1744 2555 1802 2580 Nos
1825 2569 1853 2572 »-
1870 2555 1925 2586 egli
1946 2555 2008 2579 dice
2027 2568 2059 2573 —
2080 2555 2112 2579 ln
2131 2554 2228 2587 princi

1334 2601 1345 2613 ⁴⁴
1359 2608 1421 2634 pem
1441 2599 1573 2624 omnibus
1592 2599 1702 2631 probris
1717 2606 1747 2622 ac
1773 2597 1948 2622 facinoribus
1966 2598 2132 2630 coopertum
2152 2603 2228 2620 arma

1334 2642 1347 2654 ‘¹
1359 2642 1545 2673 suscipimus3
1565 2641 1669 2673 quippe
1694 2640 1742 2671 qui
1756 2640 1868 2663 tanturn
1888 2639 1965 2662 abest
1984 2639 2016 2662 ut
2034 2645 2096 2662 eum
2115 2637 2229 2669 pontifi·

1335 2686 1347 2698 ‘⁴
1359 2692 1419 2708 cum
1440 2684 1537 2715 aliquo
1556 2683 1584 2707 111
1606 2689 1721 2706 numero
1735 2683 1834 2715 putare
1851 2682 1999 2714 possimus,
2021 2681 2051 2704 ut
2069 2680 2104 2704 ad
2117 2687 2228 2704 omnem

1334 2728 1348 2742 ⁹
1358 2726 1541 2751 christianam
1551 2725 1719 2757 religionem
1733 2723 1919 2751 evertendam,
1927 2724 2062 2753 tanquam
2073 2723 2229 2746 monstrum

1336 2768 1476 2800 “aliquod
1497 2767 1676 2793 horrendum.
1698 2767 1780 2790 natus
1799 2773 1858 2790 esse
1878 2765 2008 2789 videatur
2020 2781 2044 2796 „-

1423 2811 1434 2828 5
1453 2811 1530 2834 131111.
1550 2810 1622 2833 ΝΑΖ.
1636 2816 1667 2834 121
1681 2808 1753 2838 Fm„
1774 2809 1860 2840 Magi.
1880 2807 1940 2835 VII,
1964 2807 2145 2838 1057‚NAx.nr.
2165 2806 2230 2836 Epi—

1332 2857 1504 2885 grammatat
1523 2853 1568 2877 Ad
1584 2852 1759 2876 Laurentium
1779 2851 1903 2874 illedicen
1923 2850 1955 2874 de
1969 2850 2037 2873 bello
2049 2849 2118 2879 quod
2135 2848 2230 2873 A’istus

1331 2896 1454 2926 pontifex
1473 2896 1598 2920 maximus
1622 2894 1804 2926 Tq'sernatibus
1815 2893 1915 2917 intulit.

1406 2937 1512 2969 Iupiter
1532 2940 1561 2960 ut
1581 2937 1680 2960 dextra
1701 2936 1806 2960 fulmen
1826 2936 1903 2958 tenet
1922 2935 1983 2966 ipse
2002 2935 2150 2965 tricuspes‚

1440 2978 1505 3006 Quo
1525 2980 1615 3003 bonus
1635 2986 1650 3002 e
1669 2985 1773 3002 summa
1793 2977 1894 3009 puniat
1912 2983 1975 3002 arce
1995 2975 2086 3005 dolos,

2258 880 2297 911 10

2261 1191 2297 1223 15

2253 1925 2286 1953 35

2255 2137 2288 2161 40

2256 2349 2287 2375 45

2257 2557 2290 2583 50

2257 2769 2288 2797 55
