2388 3439
120 328 154 359 in
178 326 320 371 Umbrie
347 327 468 359 linibus
493 327 589 358 sitam
614 335 688 357 esse
714 324 890 367 peribent:
916 322 1008 366 quod
1034 323 1059 354 si
1085 323 1120 353 in
1144 323 1252 354 altera
1277 322 1423 353 fluminis
1439 321 1514 362 ripa
1539 320 1677 352 condita
1696 320 1826 356 fuisset,
1858 319 1976 360 procul

119 380 223 412 dubio
248 382 281 412 in
306 381 457 412 Thuscia
484 380 719 416 collocassent,
752 378 938 409 Thusciam
964 387 1100 418 nanque
1129 377 1173 407 ab
1199 375 1340 407 Umbria
1365 374 1515 417 Tyberis
1539 374 1668 416 absque
1702 374 1769 404 ulla
1801 378 1979 404 concerta-

118 434 209 465 tione
227 434 449 465 disterminat.
481 433 573 464 Urbs
592 433 688 469 haec,
706 442 725 463 a
742 432 876 463 sinistra
896 430 1088 471 Apennino,
1104 429 1149 461 ad
1166 430 1330 460 orientem
1349 428 1496 464 adiacet,
1521 439 1540 459 a
1558 428 1700 459 dextera
1717 432 1829 458 autem
1847 425 1978 468 Tyberi

118 487 271 518 alluitur:
304 498 368 519 nec
401 487 545 518 rotunda
570 486 706 527 penitus
731 491 792 521 est,
825 484 886 516 sed
919 494 1103 525 parumper
1134 483 1178 514 ad
1212 493 1286 513 eam
1320 488 1451 523 partem
1476 481 1657 523 oblongior
1688 491 1754 524 que
1779 480 1823 511 ad
1852 477 1979 519 Apen'-

421 540 566 571 Planitie
587 539 689 571 fertili
708 538 859 580 undique
878 537 939 569 sed
958 537 1051 568 brevi
1070 537 1228 579 cingitur,
1253 536 1288 567 in
1312 546 1379 578 qua
1397 536 1464 566 vini
1484 535 1688 577 frugumque
1707 534 1806 575 copia
1823 532 1979 567 maxima,

1212 590 1317 621 Extra
1342 590 1518 631 planitiem
1543 588 1623 620 urbs
1656 589 1729 629 ipsa
1753 587 1850 628 equis
1882 595 1970 626 pene
1995 582 2093 630 0343}th
2108 582 2210 629 Ἳξζξιξζζ

76 538 94 570 5
119 540 233 571 ninum
253 541 372 583 vergit.

119 594 226 625 colles
256 595 460 626 amenissimi
487 600 573 627 sunt.
605 600 673 625 tam
698 604 717 623 a
742 592 864 624 dextra
892 602 993 633 quarn
1025 602 1045 622 a
1077 591 1164 622 leva.

119 648 357 689 continuisque.
382 647 563 684 montibus,
588 653 751 688 tanquam
777 645 1065 688 amphytheatrali
1091 655 1228 679 corona,
1254 643 1496 679 circumdatur,
1521 653 1680 684 passuum
1698 640 1833 673 milibus
1850 639 1981 672 duode-
2031 636 2114 659 snm&

118 700 183 732 cim
210 701 441 744 longitudinis.
474 700 607 732 duobus
631 700 768 731 milibus
793 700 930 731 omnino
956 699 1154 730 latitudinis.
1182 697 1275 729 Urbs
1293 698 1357 729 hec
1376 698 1410 728 in
1434 697 1587 739 planitiei
1614 694 1860 738 propemodum
1885 692 1981 723 initio

119 753 220 797 longe
239 755 372 791 emicat,
396 755 585 796 suspiciens
602 754 753 796 undique
771 754 903 786 vicinos
919 759 1061 789 montes,
1079 759 1176 794 prata
1195 752 1338 784 virentia
1367 752 1533 793 villasque
1551 750 1793 782 amenissimas.
1831 746 1978 778 Gemino
2003 744 2220 795 ⁴¹'J¹¹}“g¹q,'”¹,¹¹⁰‘

57 805 95 837 10

119 807 183 849 hec
200 818 370 839 murorum
387 808 516 840 ambitu
533 809 692 841 munitur.
710 807 804 849 quod
821 808 856 838 in
872 808 958 838 raris
970 812 1029 838 aut
1045 807 1146 838 nullis
1164 806 1260 849 Italie
1277 805 1418 836 urbibus
1435 804 1646 847 conti[n]git;
1664 803 1825 834 interiore
1842 799 1982 843 quidem

119 861 353 895 eminentiore.
379 862 439 893 sed
464 862 632 893 exteriore
657 861 767 904 magis
791 860 974 902 depresso:
1003 861 1106 892 distat
1121 860 1209 891 alter
1232 859 1278 891 ab
1300 860 1409 891 altero
1434 869 1549 890 murus
1572 857 1617 890 ad
1642 857 1750 899 pedes
1774 853 1982 897 quindecim,

119 924 186 956 quo
210 914 461 949 defensoribus.
486 915 664 957 copiisque
691 914 908 956 equestribus
924 920 1027 956 atque
1044 913 1272 955 pedestribus.
1290 914 1378 944 inter
1404 918 1583 954 utrumque
1608 907 1981 943 accommodatissimus

119 967 231 999 eundi'
248 979 289 1000 ac
314 968 481 1001 redeundi
508 974 623 1010 pateat
647 969 753 1000 locus.
801 967 852 999 Ex
878 967 1028 1010 Tyberis
1052 967 1280 1011 pretereuntis
1305 967 1491 1002 vicinitate,
1504 972 1619 1009 preter
1643 963 1861 996 amenitatem
1894 970 1982 991 sum-

118 1031 218 1058 mam,
243 1022 422 1054 commoda
447 1023 548 1054 etiam
574 1023 667 1063 capit
691 1022 847 1063 plurima,
872 1028 941 1054 tum
966 1021 1011 1053 ob
1035 1021 1136 1053 sedes
1160 1021 1377 1062 pistrinorum
1404 1020 1437 1051 in
1455 1021 1528 1051 eius
1544 1020 1618 1061 ripa
1643 1016 1793 1050 citeriori
1811 1020 1983 1055 sumptuo-

119 1074 249 1107 sissime
274 1076 485 1110 constitutas.
510 1082 579 1107 tum
604 1076 649 1107 ad
674 1075 851 1107 vehendas
883 1081 974 1107 rates
1005 1074 1320 1116 ponderosissimas,
1353 1079 1422 1104 tmn
1448 1073 1548 1105 etiam
1573 1072 1618 1104 ad
1639 1069 1846 1103 exibendum
1871 1067 1984 1109 pisces

121 1129 277 1169 optimos,
302 1139 445 1171 quorum
470 1136 537 1161 tam
563 1128 705 1172 grandis
729 1129 900 1161 interdtun
934 1129 1069 1160 elicitur
1100 1128 1211 1169 copia,
1236 1134 1272 1159 ut
1295 1128 1455 1159 universo
1488 1126 1615 1168 populo
1640 1125 1693 1157 vel
1719 1123 1763 1155 ad
1792 1122 1983 1154 satietatem

119 1181 163 1213 sit
186 1183 276 1214 satis.
316 1182 459 1215 Praeter
483 1194 620 1226 quoque
649 1183 824 1224 duplicem
849 1194 991 1216 murum.
1016 1183 1093 1214 latis
1117 1183 1151 1213 in
1178 1182 1277 1214 fossis
1301 1181 1524 1213 munitissime
1549 1187 1660 1212 turres
1685 1176 1824 1220 paribus
1855 1174 1973 1216 spatiis

119 1242 302 1279 assurgunt
325 1237 516 1278 perspicuis
539 1237 637 1279 aquis
662 1237 902 1273 circumfusae,
928 1247 994 1278 que
1020 1236 1101 1272 illic,
1126 1242 1195 1267 tum
1220 1235 1346 1272 native,
1371 1241 1440 1266 tum
1473 1233 1678 1276 peregrinae
1710 1228 1979 1262 accumulantur.
2030 1224 2222 1276 ξιζῐιξρῘῗξζῗξ-Ἀῇζ

120 1288 257 1322 Adsunt
280 1290 382 1322 etiam
406 1291 498 1322 imrta
523 1290 686 1331 pomeria,
712 1290 935 1326 subterranei,
962 1290 1122 1325 fornices,
1148 1289 1367 1330 cuniculique
1393 1298 1551 1329 capaces,
1574 1293 1644 1319 tum
1658 1285 1703 1317 ad
1719 1283 1902 1315 auxiliares
1922 1280 1983 1312 ad·
2034 1282 2074 1298 “⁵-

121 1343 322 1375 mittendum
348 1344 476 1385 copias,
501 1350 571 1375 tum
595 1344 640 1375 ad
666 1344 858 1386 oppidanos
890 1342 1124 1379 emittendum,
1157 1343 1184 1374 si
1209 1342 1348 1385 quando
1372 1342 1416 1374 ad
1443 1341 1557 1374 hostes
1581 1337 1790 1372 adoriendos
1814 1340 1984 1378 prestatur

121 1397 269 1429 occasio.
316 1397 408 1429 Intra
433 1398 546 1429 menia
570 1403 684 1429 autem
709 1397 790 1429 urbs
815 1398 878 1442 hec
903 1403 1116 1438 spectatores
1148 1397 1290 1428 mirifice
1316 1395 1478 1431 delectat,
1505 1405 1564 1426 seu
1588 1394 1661 1425 vias
1685 1397 1807 1427 rectas.
1833 1387 1985 1421 silicibus

120 1456 252 1487 strataS,
270 1461 330 1482 seu
347 1451 496 1492 compita
508 1452 587 1488 lata,
605 1451 724 1483 domos
740 1452 921 1483 altissimas
938 1452 1164 1493 ingentesque
1182 1457 1302 1487 turres,
1317 1450 1388 1481 sive
1402 1459 1565 1491 operosos
1582 1447 1731 1479 artifices
1747 1444 1984 1483 artificumque

123 1504 317 1540 varietates,
342 1505 504 1546 populum
533 1505 805 1539 refertissimum.
829 1511 888 1537 aut
919 1505 1012 1536 cives
1036 1504 1263 1546 amplissimos
1295 1502 1549 1544 contempleri8‚
1581 1501 1670 1532 inter
1701 1509 1787 1541 quos
1818 1495 1984 1540 preterire

2005 957 2160 977 Commoditas
2191 962 2218 975 ex

2032 985 2049 1003 T
2054 991 2064 1007 y
2069 984 2124 1003 beri,

2008 1010 2112 1032 pistrina,

2033 1038 2113 1061 pisces,

5 1051 8 1054 ⁴
57 1072 94 1104 15

1998 1172 2088 1193 Turres
2112 1177 2185 1195 pomer
2191 1177 2219 1192 ω.

2024 1198 2130 1220 fornices,
2158 1198 2222 1217 cuni-

55 1343 97 1373 20

120 1557 221 1589 nefas
244 1557 324 1589 duxi
349 1557 507 1594 vitellos,
531 1557 714 1600 Capucios‚
739 1558 946 1595 Tarlatinos,
983 1557 1150 1593 Gettatos.
1175 1558 1348 1599 Zapettas‚
1372 1556 1559 1599 Galganos,
1584 1554 1736 1589 Amatos,
1768 1549 1982 1593 Corydone&
2007 1546 2222 1595 ‘'i-¹13}⁵12‚1ff,?f'¹.¹ffl{1

55 1609 96 1642 25
120 1611 292 1647 Rose110s‚
308 1610 439 1648 Claros,
456 1611 623 1644 Salustios
640 1618 674 1644 et
690 1611 915 1644 Sinibaldos¹.
961 1611 1090 1644 Omitto
1114 1617 1248 1653 pati-mn
1273 1611 1555 1652 conscriptorum,
1580 1607 1735 1653 pretoris,
1751 1604 1979 1647 presidisque,
2023 1601 2222 1651 &feigffiffffiffifi'

122 1674 312 1696 marmorea
340 1665 561 1708 ingentiaque
601 1665 739 1707 palatia.
776 1672 810 1697 et
841 1665 1004 1697 Divorum
1037 1665 1199 1697 latissima
1223 1665 1351 1706 templa
1383 1663 1621 1707 virginumque
1653 1659 1855 1692 Vestalium.
1900 1655 1981 1688 Sive
2032 1653 2222 1702 {bsgss'fssfl'gssssj

121 1718 224 1761 igitur
248 1729 346 1750 sacra
371 1725 406 1751 et
429 1718 595 1761 profana',
621 1720 691 1751 sive
729 1719 862 1761 privata
887 1725 921 1751 et
945 1718 1083 1760 publica
1107 1717 1279 1760 inspici'as
1303 1728 1431 1750 summa
1455 1715 1679 1751 iucunditate,
1703 1719 1806 1755 atque
1838 1710 1986 1743 admira·
2033 1707 2138 1754 {}1¹5¹{²³³*
2163 1707 2223 1727 5³⁰³·

2007 1761 2100 1783 Palatia.
2130 1760 2221 1785 templa.

121 1771 214 1804 tione
231 1772 423 1804 mortalium
440 1773 542 1804 animi
561 1773 786 1815 complentur.
803 1772 969 1805 Mulieres
986 1783 1122 1815 quoque
1139 1783 1206 1817 que
1230 1772 1319 1804 inter
1341 1771 1436 1803 urbis
1460 1769 1603 1802 delicias
1626 1765 1843 1800 annumerari
1861 1764 1981 1801 solent,
2032 1787 2174 1808 monasteria

2006 1815 2116 1835 Mulieres
2137 1814 2222 1839 opher<

121 1823 210 1857 adeo
235 1825 379 1871 pulchre
403 1826 626 1871 modesteque
652 1832 739 1863 sunt,
763 1832 800 1858 ut
820 1825 1131 1868 splendidissimum
1158 1826 1247 1858 inter
1270 1825 1369 1857 italas
1393 1823 1581 1856 venustatis
1604 1831 1729 1854 nomen
1754 1819 1817 1851 sibi
1845 1817 1982 1859 iampri-
2031 1845 2102 1862 nates.

55 1877 99 1909 30
123 1877 202 1910 dem
227 1880 512 1921 comparaverint.
559 1880 652 1912 Intra
670 1891 752 1912 vero
770 1880 922 1922 privatos
938 1880 1038 1917 lares,
1055 1880 1167 1921 puteis
1183 1890 1253 1911 non
1269 1879 1337 1911 alte
1356 1878 1514 1914 defossis
1530 1887 1619 1919 aque
1636 1875 1756 1907 dulces
1781 1879 1815 1905 et
1832 1871 1985 1903 salubres
2011 1879 2082 1899 Putet.

121 1932 254 1964 affatim
279 1934 483 1971 scaturiunt:
507 1933 553 1966 ad
577 1934 709 1975 privata
734 1934 815 1966 item
844 1933 1052 1976 publicaque
1085 1932 1276 1969 commoda,
1308 1938 1442 1964 torrens
1472 1929 1650 1963 Scaturius
1681 1927 1828 1960 mediam
1860 1925 1980 1957 urbem
1997 1933 2222 1958 Scaiuriuszonens.

122 1985 324 2020 intersecat:
342 1987 399 2030 qui
418 1998 461 2019 ex
476 1986 662 2029 Apennino
678 1986 820 2029 rapidus
836 1988 871 2019 in
888 1986 1066 2030 Tyberim,
1082 1987 1235 2030 angustis
1251 1986 1334 2028 ripis
1347 1985 1545 2021 decurrens,
1562 1994 1629 2015 una
1654 1993 1730 2014 cum
1747 1981 1845 2023 aquis
1861 1988 1986 2011 nomen

121 2040 282 2072 torrentis
305 2041 437 2073 amittit.
484 2039 605 2073 Portas
621 2040 702 2073 urbs
719 2041 784 2085 hec
807 2047 968 2084 quattuor
992 2041 1106 2077 habet,
1123 2050 1234 2082 aequo
1254 2040 1326 2072 fere
1344 2037 1524 2071 intervallo
1548 2037 1637 2069 inter
1661 2047 1696 2067 se
1714 2035 1890 2070 distantes,
1907 2043 1984 2074 que,

123 2094 332 2135 proceritate
356 2094 498 2126 turrium
515 2094 821 2137 aedificiormnque
838 2094 1105 2138 magnificentia,
1121 2093 1216 2125 urbis
1231 2093 1365 2125 Romae
1379 2092 1485 2134 portis
1498 2090 1637 2133 aequari
1657 2089 1820 2121 facillime
1834 2092 1983 2129 possent.

123 2146 253 2178 Harum
278 2148 398 2189 prima,
414 2148 459 2181 ad
476 2149 642 2181 orientem
659 2154 830 2190 spectans,
855 2147 1040 2190 Apennino
1057 2148 1199 2180 finitima
1216 2153 1282 2179 est:
1300 2152 1334 2179 et
1350 2146 1416 2178 hac
1432 2146 1498 2178 iter
1514 2150 1565 2177 est
1584 2143 1761 2179 Urbinum,
1774 2141 1976 2176 Ariminum,

123 2200 158 2232 in
182 2201 271 2233 viam
299 2201 510 2240 Flaminiam,
533 2208 636 2245 atque
661 2201 838 2234 Picenum.
885 2201 964 2234 Alia
988 2201 1033 2234 ad
1065 2201 1243 2234 meridiem
1268 2200 1444 2232 Perusiam
1468 2209 1596 2235 versus,
1620 2197 1720 2229 tertia
1744 2195 1788 2227 ad
1820 2193 1982 2227 occiden-

123 2259 203 2291 tem,
234 2265 342 2296 penes
365 2265 467 2297 quarn
493 2255 674 2298 contiguus
699 2261 751 2287 est
773 2265 860 2297 pons
884 2266 926 2286 ex
950 2254 1118 2297 quadrato
1146 2253 1262 2296 lapide
1281 2263 1382 2295 supra
1407 2251 1584 2295 Tyberim.
1630 2249 1698 2281 Per
1716 2249 1804 2280 hanc
1821 2248 1876 2279 via
1892 2252 1987 2289 patet

123 2306 168 2339 ad
199 2307 474 2341 Transumenum
507 2308 630 2345 lacum,
663 2307 848 2341 Cortonam
888 2314 923 2340 et
953 2308 1138 2340 Arretium.
1186 2306 1320 2344 Quarta
1351 2312 1403 2338 est
1439 2305 1484 2337 ad
1519 2303 1804 2346 septentrionem3
1839 2311 1906 2344 qua
1937 2299 1982 2332 ad

125 2359 276 2404 Burgum
301 2360 476 2403 oppidum,
493 2360 539 2393 ad
555 2360 733 2393 Avernum
749 2366 899 2393 montem
911 2359 923 2378 ²
940 2360 1231 2402 Florentiamque,
1247 2359 1367 2391 urbem
1384 2359 1532 2391 omnium
1557 2356 1839 2392 florentissimam,
1863 2354 1929 2386 itur
1941 2352 1963 2385 ⁸.

2012 2031 2092 2050 Portae
2111 2032 2222 2054 quattuor

2037 2058 2115 2078 Roma.
2125 2056 2224 2080 Apenni-

2034 2090 2083 2105 nus..
2100 2083 2221 2104 Urbinum.

2034 2110 2224 2133 Arimiimm,Fla-

2027 2137 2223 2160 1ninia.Pieenum‚

2032 2164 2133 2187 Perusia,
2145 2163 2222 2187 'sybe-

2032 2191 2224 2212 ris.LacusTran-

2036 2223 2150 2239 sumenus.
2169 2217 2223 2237 Cor-

2036 2244 2222 2267 tona.Arretiun1,

2039 2272 2144 2295 Burgum,
2153 2271 2224 2290 Aver-

2033 2304 2075 2318 nus
2083 2304 2155 2321 mons,
2172 2297 2224 2318 Flo-

2036 2325 2116 2345 tentia.

58 2144 98 2177 35

59 2458 101 2489 40
634 2458 772 2491 RUMOR
797 2467 972 2491 FUTURAE
994 2468 1041 2491 ET
1065 2467 1255 2490 INSTANTIS
1279 2466 1488 2490 OBSIDIONIS.

215 2528 323 2573 Syxto
348 2529 493 2567 Quarto,
518 2530 680 2572 pontifice
705 2530 851 2562 maximo
875 2530 1077 2573 imperante,
1094 2528 1273 2562 increbuit'
1290 2529 1382 2561 fama
1400 2529 1472 2560 sine
1489 2533 1641 2560 auctore.
1674 2524 1891 2567 Depopulato
1915 2523 1986 2555 Tu-

124 2582 223 2615 derto
247 2582 468 2626 Spoletoque,
492 2595 649 2616 romanas
671 2584 765 2616 acies
788 2584 854 2616 iam
879 2584 945 2616 iarn
969 2583 1184 2626 Tiphernum
1216 2583 1404 2625 proficisci}
1429 2593 1503 2614 eam
1536 2580 1581 2613 ob
1604 2591 1675 2612 rem
1708 2590 1776 2611 non
1804 2577 1987 2610 mediocris

124 2637 159 2668 in
182 2636 266 2669 urbe
284 2648 391 2679 pavor
408 2638 576 2670 excitatus
593 2643 644 2670 est
660 2638 749 2670 inter
765 2637 931 2679 plebeios,
948 2643 985 2670 ut
1000 2637 1136 2675 assolet,
1154 2638 1189 2669 in
1205 2637 1309 2680 longa
1326 2646 1413 2678 pace
1430 2635 1659 2678 quiescentes.
1684 2633 1841 2675 Accepto
1858 2630 1985 2664 deinde

124 2754 171 2778 mi.
186 2753 284 2778 Plinio
299 2754 319 2778 il
340 2752 473 2778 Giovane
494 2761 527 2778 ne
543 2754 572 2777 fu
592 2755 724 2787 patrono,
744 2754 773 2778 vi
788 2761 877 2778 cresse
896 2761 934 2778 un
955 2755 1024 2778 tem-

122 2796 171 2829 plo
191 2803 205 2820 e
226 2797 254 2820 vi
268 2796 335 2820 ebbe
349 2797 424 2821 nelle
439 2798 588 2821 vicinanze
603 2804 658 2820 una
674 2796 746 2820 villa
761 2797 899 2820 sontuosa
912 2796 963 2820 che
977 2796 1025 2820 de-

123 2837 222 2861 scrisse
238 2838 452 2862 minutamente.
479 2837 505 2860 A
519 2838 615 2868 tempo
636 2837 680 2861 dei
698 2836 883 2869 Longobardi
899 2837 928 2860 su
948 2837 1025 2861 chia-

550 2879 635 2911 Dopo
652 2880 671 2903 il
687 2879 784 2903 secolo
799 2879 823 2904 X
838 2885 916 2911 prese
930 2879 952 2903 il
974 2886 1024 2903 no-

123 2882 197 2903 mata
221 2878 343 2904 Castrum
357 2879 512 2903 Feltcttatrs.

83 2925 96 2951 5
123 2929 165 2945 mc
186 2921 215 2945 di
237 2921 342 2947 Civitas
365 2920 482 2945 castelli.

214 2961 221 2978 ¹
242 2962 382 2995 Famigln·
403 2963 470 2996 oggi.
491 2965 564 2987 tutte
591 2965 705 2988 estinte.

212 3002 222 3019 Ξ
242 3004 336 3036 Vulgo
355 3004 378 3027 il
394 3004 483 3028 Monte
501 3004 571 3028 della
597 3005 691 3029 Vernia
717 3003 778 3037 (M).

1167 2752 1178 2769 ³
1197 2753 1322 2777 Fuimus.
1343 2753 1512 2777 UGHELst
1531 2752 1561 2775 in
1586 2749 1852 2782 Ttphern.cp1'scop1's
1865 2748 1905 2773 sic
1926 2748 1982 2773 sit:

1077 2796 1118 2819 De
1131 2803 1220 2819 rerum
1238 2794 1396 2825 Tiphernat.
1410 2793 1620 2817 conversionibus
1632 2792 1759 2822 scrspsere
1783 2790 1982 2817 Volaterranus,

1076 2837 1230 2861 leonardus
1254 2836 1394 2863 Aretinus,
1421 2836 1530 2863 Pedius,
1559 2834 1692 2861 Blandus,
1719 2832 1876 2860 Sabellicus,
1901 2832 1980 2855 dimcs

1076 2880 1240 2906 Antoninus,
1260 2878 1379 2905 Plotina,
1398 2880 1478 2909 atque
1496 2877 1653 2908 Campanus.
1693 2875 1733 2899 De
1751 2875 1855 2907 origine
1867 2874 1986 2898 civitatis

1082 2920 1213 2953 Tiphernz‘
1229 2922 1372 2944 tractatum
1390 2920 1498 2951 scripfl't
1517 2918 1660 2942 mendaciis
1680 2917 1829 2941 innumeris·
1853 2915 1983 2947 refertum

1079 2962 1229 2994 Alphonsus
1252 2960 1411 2985 ciccareuus
1430 2960 1491 2992 (M).

217 3118 234 3142 l.
256 3126 269 3151 5
291 3119 402 3143 -ninum
423 3119 515 3152 vergit
542 3119 571 3148 T,
590 3127 614 3143 c.
633 3118 694 3150 675.
710 3134 740 3138 ›—
756 3119 774 3144 l.
796 3126 825 3152 13
847 3127 878 3145 ac
899 3118 1034 3144 redeundi
1054 3118 1088 3147 Α.
1108 3125 1136 3152 p.
1159 3124 1199 3151 15.
1219 3131 1252 3136 —
1266 3118 1285 3143 1.
1300 3123 1333 3150 27
1353 3119 1414 3142 sive
1426 3117 1541 3151 privata
1553 3117 1586 3148 A,
1600 3124 1626 3150 p.
1644 3115 1683 3142 16.
1699 3130 1730 3135 —
1744 3116 1761 3141 1.
1775 3122 1807 3148 27
1820 3122 1864 3139 -as
1877 3121 1985 3139 summa

133 3163 162 3192 T.
181 3170 204 3187 c.
224 3161 338 3196 6763—
359 3163 377 3188 l.
398 3170 429 3195 4¹
452 3163 528 3188 {ama
547 3163 581 3192 A,
602 3171 628 3196 p.
652 3169 692 3196 17.

2015 2838 2048 2855 lo
