2388 3439
287 867 318 884 10

282 1361 315 1378 20

278 1942 314 1966 30

277 2434 312 2460 40

349 329 383 345 ne
408 322 488 352 putet
507 321 645 345 sanctitas
674 322 766 344 vestra
798 322 873 343 metu
899 327 947 343 eos
973 320 1081 343 trahere
1108 319 1143 342 ad
1169 319 1245 343 iussa

349 369 524 392 faciendum:
544 369 660 400 capiunt
689 369 837 399 provocati
865 369 986 398 pessima
1013 367 1143 397 consilia,
1175 374 1246 398 quac

347 420 374 442 et
400 419 495 449 qualia
524 426 585 442 cum
615 419 732 441 domino
762 418 856 449 legato
883 417 1050 441 referentur.
1087 416 1152 439 Non
1180 419 1246 440 sunt

346 469 464 491 omnino
496 468 637 493 destituti,
666 467 770 491 habent
799 466 943 490 adiutores
976 466 1104 489 occultos
1133 467 1247 498 paratos

346 518 443 541 omnia
459 517 556 545 facere,
571 516 614 540 vel
630 517 659 539 in
674 518 789 547 aperto,·
810 516 842 539 (le
853 516 1015 539 munitione
1025 515 1102 539 urbis
1114 522 1246 547 superva-

345 573 426 590 cuum
435 568 476 589 est
485 566 580 596 loquig
595 566 691 593 muris,
705 565 799 592 fossis,
811 565 899 595 equis,
910 564 1084 594 hominibus⁷
1094 565 1246 588 tormentis

345 614 438 638 omnis
465 615 576 645 generis
607 615 646 637 ita
676 615 741 636 sunt
775 614 952 642 communiti,
981 615 1012 636 ut
1042 613 1121 636 nulla
1151 614 1188 636 sit
1215 613 1244 636 in

1126 195 1423 231 APPENDICE

1300 319 1412 343 ditione
1438 319 1581 343 Ecclesiae
1601 320 1705 343 civitas
1726 321 1824 351 magis,
1845 322 1871 344 et
1892 327 1975 344 causa
1995 328 2052 344 non
2078 321 2201 350 iniusta}

1300 374 1430 391 annonae
1460 369 1596 398 quantum
1616 368 1650 390 ad
1672 368 1776 391 multos
1797 375 1904 391 menses
1928 369 1963 391 sit
1979 369 2056 392 satis.
2094 367 2200 399 Scripsi

1301 416 1420 441 domino
1440 416 1535 447 legato
1555 419 1653 440 caveat
1681 424 1714 439 ne
1742 417 1976 447 quemadmodum
1997 417 2099 440 caeteri
2119 417 2200 441 urbes

1302 473 1404 496 magno
1421 466 1564 496 impendio
1580 467 1769 497 quaesierunt,
1792 468 1850 498 ipse
1872 466 2053 490 tandumdem
2074 468 2200 498 exponat

1302 516 1330 538 in
1350 516 1520 540 amittendo.

1391 564 1490 587 Foelix
1511 565 1604 588 valeat
1624 565 1762 588 sanctitas
1782 566 1838 588 tua.

1246 721 1301 754 3¹.

498 809 668 833 CAMPANUS
687 808 837 832 seuvino
863 815 918 832 suo
945 814 1091 832 SALUTEM.

424 859 639 890 ‚Amantissime
668 858 795 883 Salviate
822 858 869 882 mi.
909 859 991 882 Nosti
1019 865 1073 888 qua
1099 857 1244 881 celeritate

345 908 531 936 discesserim,
542 910 570 931 et
582 908 727 939 periissem
739 908 858 931 omnino
874 908 928 931 nisi
945 907 1136 932 festinassem.
1173 906 1243 930 Coe-

346 958 403 981 lurn
421 957 496 981 illud
510 957 720 987 adversabatur,
737 957 828 980 morbi
843 957 980 987 reliquiae
993 956 1084 980 adhuc
1098 956 1243 980 extabant.

343 1006 441 1037 Itaque
460 1006 575 1030 discessi
606 1005 810 1035 invitissimus5
832 1006 886 1029 etsi
907 1007 1016 1030 caetera
1037 1012 1094 1029 non
1118 1013 1242 1028 curarem

344 1058 392 1078 tua
412 1056 530 1083 monita,
550 1055 651 1086 quibus
670 1054 908 1086 supersedendum
927 1054 1064 1078 suadebar
1077 1062 1120 1078 me
1134 1054 1242 1078 exulce-

344 1106 416 1128 rant.
453 1103 506 1127 Sed
534 1104 593 1128 scio
615 1105 703 1128 vitam
724 1104 777 1127 tibi
799 1111 887 1128 meam
909 1111 990 1134 quam
1011 1106 1119 1127 caetera
1147 1104 1243 1127 omnia

343 1161 402 1177 esse
420 1154 591 1181 chariorem;
623 1161 698 1177 nunc
727 1153 814 1177 mitto
843 1153 962 1177 latorem
987 1153 1061 1176 hunc
1082 1154 1129 1184 qui
1151 1155 1242 1176 tecum

344 1202 377 1226 de
397 1203 529 1226 omnibus
548 1203 617 1226 meis
639 1202 772 1226 consiliis
794 1202 906 1226 referat.
944 1201 1002 1225 Oro
1023 1204 1050 1225 te
1070 1204 1101 1226 ut
1121 1203 1242 1233 gratiam

343 1251 534 1274 illustrissimi
554 1251 666 1274 domini
688 1251 805 1274 comitis
826 1251 896 1274 mihi
917 1253 945 1274 ct
966 1257 1059 1274 serves
1084 1253 1111 1274 et
1131 1258 1242 1282 augeas.

343 1300 378 1323 Et
398 1300 465 1330 quid
487 1307 549 1323 cum
569 1300 750 1323 sanctissimo
771 1300 891 1323 domino
913 1302 1012 1324 nostro
1033 1300 1140 1323 acitum
1155 1302 1195 1323 est
1211 1299 1243 1323 de

344 1349 475 1372 lenienda
501 1349 580 1372 illius
602 1351 702 1377 niente,
723 1349 755 1372 ad
777 1357 819 1372 nie
839 1350 953 1373 scribas,
992 1348 1056 1372 Non
1078 1351 1120 1373 est
1140 1356 1243 1381 propo-

342 1400 427 1423 situm
453 1406 544 1422 meum
567 1400 660 1422 vivere
679 1399 710 1421 in
732 1399 876 1430 pontificis
897 1399 976 1423 odio.
1014 1399 1053 1422 At
1074 1399 1152 1422 cuius
1174 1407 1242 1430 pon-

342 1449 442 1472 tificis?
472 1448 541 1472 Eius
561 1449 608 1479 qui
631 1456 672 1471 me
692 1449 721 1471 in
750 1448 934 1480 philosophia
961 1449 1070 1480 primus
1100 1449 1242 1476 instituit,

341 1498 442 1521 deinde
470 1498 626 1521 honoribus
647 1498 735 1525 anxit,
757 1500 902 1528 postremo
931 1498 1042 1521 litteras
1068 1497 1243 1528 apostolicas

1301 816 1375 831 nunc
1397 815 1471 831 nunc
1487 815 1535 832 ure
1550 809 1722 841 iugularem:
1738 817 1833 833 verum
1850 810 2069 840 inconsydcrata
2083 809 2200 832 libertas

1670 860 1742 883 Vera
1762 860 1841 890 loqui
1862 862 1890 883 et
1911 860 2032 883 scribere
2045 866 2107 882 cum
2128 859 2197 882 mihi

2167 907 2198 931 Si

1299 956 1381 988 culpa
1401 958 1451 984 est.
1481 954 1600 988 poenam
1622 964 1679 980 non
1710 958 1854 988 deprecor,
1881 960 1996 990 paratus
2021 965 2082 981 sum
2102 957 2147 981 vel
2168 958 2197 980 in

1300 858 1414 889 linguae
1435 866 1477 881 me
1497 859 1632 890 perdidit.

1299 907 1422 930 viderem
1443 910 1605 938 protractus
1625 915 1684 931 sum
1705 909 1832 932 acerbius
1852 916 1935 939 quam
1955 908 2131 932 conveniret.

1299 1013 1423 1029 carceres
1442 1006 1497 1030 ire:
1524 1007 1547 1029 si
1575 1013 1653 1029 error
1680 1006 1744 1035 fuit,
1771 1008 1825 1031 erit
1856 1007 2061 1038 ignoscendum
2088 1007 2198 1030 subitae

1299 1055 1454 1078 mutationi
1473 1057 1626 1086 utcumque
1645 1061 1688 1079 res
1707 1055 1819 1079 habeat.
1856 1055 1924 1088 Spes
1945 1063 2005 1079 mea
2025 1057 2147 1086 primum
2168 1056 2197 1079 In

1299 1104 1367 1132 Deo,
1388 1103 1489 1127 deinde
1509 1104 1537 1126 in
1557 1104 1737 1135 benignitate
1758 1104 1911 1136 pontificis,
1933 1106 2077 1136 postremo
2104 1105 2134 1127 in
2150 1104 2197 1128 do-

1299 1153 1378 1175 mino
1407 1154 1526 1180 comite;
1558 1154 1585 1176 et
1614 1153 1706 1184 prima
1735 1154 1762 1176 et
1792 1154 1916 1178 maxima
1944 1153 2072 1177 omnium
2101 1153 2132 1177 in
2162 1155 2198 1178 te.

1298 1201 1394 1224 Audio
1416 1202 1527 1225 venisse
1548 1201 1616 1225 illuc
1637 1202 1783 1225 dominum
1810 1202 1962 1226 Nicolaum
1990 1201 2151 1231 Vitellium,
2171 1204 2198 1226 et

1300 1258 1355 1273 rem
1376 1251 1410 1273 ad
1432 1252 1553 1273 mentem
1569 1252 1658 1274 saneti
1675 1251 1787 1274 domini
1802 1253 1893 1275 nostri
1909 1258 1967 1274 esse
1987 1251 2155 1280 confectam,
2174 1251 2200 1275 si

1299 1299 1405 1330 poterit
1419 1299 1516 1322 haberi
1528 1299 1623 1331 aliqua
1635 1301 1710 1323 ratio
1722 1301 1755 1323 de
1767 1308 1817 1324 me.
1856 1300 1975 1324 Gratum
1987 1301 2042 1324 erit
2055 1300 2127 1324 mihi
2141 1307 2197 1324 non

1298 1349 1417 1371 omnino
1437 1349 1562 1380 periisse.
1601 1348 1651 1372 Sin
1672 1349 1855 1380 praestabunt
1878 1351 1905 1372 in
1927 1349 2046 1372 adverso
2067 1349 2135 1379 sata,
2157 1356 2199 1372 me

1298 1397 1332 1420 ad
1355 1398 1526 1428 pacientiam
1542 1397 1680 1421 malorum
1696 1399 1876 1429 comparabO.
1915 1398 1990 1422 Cura
2004 1400 2031 1422 et
2047 1398 2145 1429 vigila,
2160 1399 2199 1421 mi

1299 1446 1433 1477 Salv-iate,
1465 1455 1526 1470 cum
1557 1447 1676 1470 domino
1702 1447 1826 1471 Nicolao
1854 1449 1882 1471 et
1911 1455 1973 1471 cum
2001 1448 2198 1471 illustrissimo

1299 1497 1402 1520 comite
1422 1496 1499 1527 quod
1519 1497 1572 1520 tibi
1593 1498 1621 1520 et
1643 1497 1749 1520 iuditio
1769 1499 1819 1520 tuo
1839 1496 2063 1528 prudentissimo
2090 1496 2198 1520 videbi-

341 1548 430 1578 gratis
451 1547 484 1570 ad
500 1554 543 1570 me
557 1545 712 1570 mittendas
727 1545 918 1569 demandavit.
938 1545 967 1569 Si
983 1547 1083 1569 scirem
1098 1547 1242 1570 conscium
1299 1549 1354 1570 tur.
1392 1546 1470 1569 Vale.

342 1603 401 1620 esse
420 1604 463 1619 me
483 1595 604 1619 alicuius
624 1597 673 1618 aut
698 1596 842 1618 commissi
870 1597 917 1618 aut
944 1595 1063 1626 cogitati
1097 1595 1242 1623 facinoris,

1241 1707 1259 1736 4
1274 1704 1297 1736 ².

400 1793 569 1817 CAMPANus
589 1792 681 1817 SIxTo
701 1792 753 1816 1111
774 1792 866 1817 Pom.
887 1792 1017 1815 Maxnuo
1039 1798 1186 1816 SALUTEM.

428 1842 645 1873 Inconsyderati
667 1843 780 1869 erroris,
801 1848 923 1872 poenam
935 1839 1237 1872 consyderatissimam

342 1891 399 1916 luo.
436 1891 501 1915 Non
522 1891 582 1915 dies
602 1892 672 1923 aegi,
693 1898 751 1914 non
772 1892 885 1915 noctem
905 1890 1039 1918 dormivi,
1060 1891 1090 1913 in
1111 1897 1165 1921 qua
1185 1897 1243 1913 non

341 1941 434 1964 milies
460 1942 647 1972 cogitaverim
663 1940 890 1972 magnitudinem
905 1940 992 1963 errati
1008 1940 1075 1963 mei:
1091 1939 1243 1963 offendisse

341 1996 384 2011 mc
402 1989 518 2019 scriptis
545 1989 672 2012 animum
702 1989 865 2012 sanctitatis
891 1990 984 2012 vestre
1010 1996 1024 2011 a
1052 1995 1106 2019 qua
1135 1995 1243 2020 semper

341 2040 450 2062 amatus
463 2038 675 2068 honoratusque
695 2045 773 2066 sunu
788 2039 815 2061 et
829 2037 887 2061 nisi
900 2038 1029 2061 innatam
1044 2037 1240 2061 claementiam

343 2089 432 2110 vestre
451 2087 639 2110 beatitudinis
659 2088 837 2117 cogitassem,
851 2087 906 2110 iam
922 2087 1062 2110 venissem
1079 2088 1108 2110 in
1123 2087 1242 2110 manife-

341 2136 496 2159 stissimam
511 2135 746 2167 desperationem.
785 2135 902 2158 Peccavi
918 2136 1040 2166 demens,
1055 2138 1082 2159 et
1096 2137 1239 2167 peccatum

341 2193 429 2209 meum
456 2186 621 2217 ingemisco.
658 2185 796 2217 Supplico
817 2185 891 2213 mihi
912 2192 963 2217 pro
991 2187 1096 2217 pietate
1122 2188 1149 2209 et
1170 2186 1241 2209 clae-

341 2237 447 2259 mentia
466 2243 515 2259 sua
534 2237 561 2260 et
575 2236 627 2259 Dei
643 2243 738 2259 amore
757 2236 828 2259 velit
849 2236 1003 2266 ignoscere,
1018 2237 1240 2267 continuareque

341 2286 370 2308 in
392 2292 434 2307 me
453 2285 683 2308 benevolentiam
705 2287 731 2308 et
751 2284 879 2308 savorem
894 2292 981 2313 suurn,
999 2285 1059 2308 sine
1073 2291 1129 2315 quo
1144 2285 1240 2308 videre

341 2341 397 2358 non
425 2340 546 2366 possum,
568 2341 618 2357 nec
643 2334 738 2361 debeo,
759 2334 805 2364 qui
827 2333 863 2357 ob
884 2333 936 2357 hoc
958 2325 1153 2357 misericordia
1181 2341 1239 2357 sum

340 2382 451 2413 dignus,
473 2383 538 2412 quia
560 2388 609 2405 nec
636 2381 786 2405 voluntate
806 2381 915 2411 deliqui
935 2389 984 2405 nec
1011 2388 1105 2413 opere,
1132 2381 1177 2404 sed
1205 2389 1238 2404 ex

339 2438 421 2455 cursu
435 2439 543 2462 pennae
558 2431 696 2455 currentis
710 2431 744 2454 ad
757 2431 901 2462 impetum.
939 2429 983 2453 Sit
995 2432 1131 2453 sanctitas
1146 2432 1238 2454 vestra

342 2481 371 2503 in
398 2488 440 2503 me
466 2480 546 2503 mitis
566 2482 592 2503 et
619 2480 787 2507 misericors
802 2487 872 2510 quae
892 2486 950 2503 esse
971 2480 999 2503 in
1020 2480 1139 2503 caeteris
1160 2480 1237 2510 pien-

1242 2589 1255 2598 ,-

1241 2588 1294 2622 3³.

431 2675 599 2699 CAMPANus
618 2681 779 2699 canonum
800 2674 976 2699 MANTUANO
996 2680 1140 2698 SALUTEM.

429 2724 611 2756 Benignitate
631 2726 680 2748 tua
699 2726 726 2747 et
746 2724 912 2747 claementia
932 2723 970 2753 fit,
991 2726 1022 2747 ut
1042 2725 1064 2747 si
1087 2723 1160 2747 nihil
1176 2731 1235 2755 ege-

341 2774 403 2801 rim,
423 2772 561 2796 beneficio
582 2773 699 2804 dignum
720 2774 749 2796 in
770 2775 812 2796 te:
839 2775 932 2796 tamen
959 2780 1011 2804 pro
1038 2772 1237 2803 magnitudine

341 2823 434 2853 magni
456 2824 483 2845 et
501 2821 623 2853 gloriosi
645 2822 732 2846 animi
756 2823 840 2845 vestri
861 2829 968 2853 sperem
990 2822 1037 2845 abs
1060 2823 1086 2845 te
1113 2828 1183 2852 quae
1204 2821 1237 2845 ab

427 2949 434 2962 1
450 2949 526 2968 Lmen
541 2953 629 2971 Nosrs,
646 2948 748 2972 Epistola
764 2949 865 2973 seplima.

427 2981 436 2994 ²
453 2982 528 3001 Limen
543 2986 632 3003 Nouus,
649 2981 752 3004 Epistola
767 2983 856 3001 oclmrn.

1298 1791 1409 1815 tissima
1438 1792 1466 1814 et
1493 1790 1734 1814 claementissima
1761 1791 1911 1814 consuevit
1939 1791 2076 1815 sanctitas
2105 1793 2199 1815 vestra

1299 1849 1361 1865 cum
1381 1837 1455 1865 irem*
1472 1842 1501 1864 in
1521 1839 1704 1865 Germaniam
1725 1848 1768 1864 me
1788 1841 1906 1865 domino
1927 1842 2039 1865 senensi
2059 1849 2199 1866 commen-

1299 1891 1393 1918 davit;
1419 1897 1482 1914 cum
1509 1890 1626 1913 redirew
1654 1889 1822 1913 Tudertinis
1848 1898 1890 1914 me
1917 1891 2068 1922 praefecit;
2096 1890 2200 1915 deinde

1298 1939 1520 1970 Fulginensibus
1539 1939 1720 1971 praeposuit:
1740 1940 1837 1970 postea
1852 1939 2048 1963 Tifernatibus
2063 1941 2199 1964 rectorem

1298 1989 1436 2012 instituit.
1474 1988 1572 2012 Bullas
1591 1988 1767 2020 apostolicas
1788 1989 1822 2012 ad
1842 1996 1885 2012 me
1905 1989 1983 2012 mitti
2006 1988 2197 2013 demandavit.

1298 2037 1431 2061 Miserum
1453 2045 1495 2061 me
1514 2038 1537 2060 si
1560 2045 1668 2068 semper
1687 2037 1749 2068 fugi
1777 2037 2014 2068 ingratitudinem
2042 2040 2070 2062 et
2095 2038 2197 2070 scripsi

1297 2087 1452 2118 aliquando
1464 2087 1597 2110 adversus
1610 2087 1744 2118 ingratos.
1774 2087 1855 2110 Nunc
1869 2087 1991 2119 primum
2005 2088 2033 2110 in
2045 2087 2198 2111 sanctitate

1296 2138 1389 2160 vestra
1403 2135 1601 2167 delinquerim,
1617 2136 1663 2159 sed
1678 2136 1751 2159 unde
1771 2135 1875 2159 vulnus
1895 2136 1999 2167 accepi,
2014 2143 2095 2168 spero
2108 2138 2196 2160 etiam

1297 2185 1476 2209 medicinam.
1497 2185 1532 2209 Et
1541 2186 1607 2216 qnia
1618 2184 1837 2216 inconsyderata
1845 2186 2004 2208 temeritate
2015 2184 2118 2208 offendi
2134 2185 2195 2209 bea-

1295 2234 1448 2257 titudinem
1465 2235 1585 2257 vestram
1605 2235 1666 2256 eius
1680 2233 1948 2264 consyderatissima
1968 2233 2135 2257 claementia
2154 2241 2194 2258 re-

1295 2282 1402 2311 levari;
1424 2284 1450 2306 et
1471 2284 1512 2306 ita
1532 2283 1666 2315 supplico
1686 2284 1766 2314 pater
1791 2282 1963 2313 beatissime,
1990 2283 2013 2306 si
2040 2290 2098 2306 non
2125 2283 2193 2307 aliis

1296 2332 1411 2356 meritis.
1433 2332 1532 2355 saltem
1551 2331 1588 2355 ob
1607 2331 1763 2362 gloriosam
1784 2333 1947 2355 memoriam
1968 2331 2079 2355 domini
2101 2333 2193 2356 sancti

1294 2382 1369 2405 Sixti
1385 2381 1431 2404 cui
1452 2381 1557 2404 sueram
1579 2388 1636 2404 non
1656 2381 1795 2411 ingratus.

1382 2429 1536 2453 Foeliciter
1556 2430 1649 2453 valeat
1670 2431 1806 2453 sanctitas
1827 2432 1885 2455 tua.

1290 2674 1356 2698 aliis
1376 2675 1499 2698 eiusdem
1520 2674 1631 2698 ordinis
1652 2676 1723 2698 viris
1745 2682 1802 2698 non
1817 2677 1874 2698 tam
1889 2682 1999 2706 sperare
2014 2682 2118 2699 vanum
2131 2676 2183 2704 est.

1292 2723 1337 2746 scd
1359 2725 1464 2754 optare.
1502 2723 1632 2747 Errorem
1653 2731 1744 2747 meum
1766 2724 1934 2747 intellexisti
1952 2725 1998 2754 qui
2016 2723 2094 2747 nulla
2108 2723 2189 2747 mali-

1291 2771 1401 2802 gnitate
1420 2771 1468 2795 sed
1489 2772 1639 2795 dumtaxat
1654 2772 1872 2803 inconsyderata
1887 2772 2032 2795 celeritate
2045 2773 2188 2803 provenit.

1293 2821 1386 2852 Cupio
1411 2822 1532 2853 gratiam
1561 2822 1712 2853 promereri
1741 2822 1851 2845 domini
1874 2821 1967 2845 nostri
1991 2822 2080 2845 sancti
2102 2828 2186 2853 opera

1403 2948 1478 2968 LinER
1493 2954 1582 2971 Nonus,
1599 2949 1702 2973 Epistola
1717 2955 1786 2969 ησηα.

2230 473 2263 498 50

2226 861 2258 887 55

2225 1101 2260 1126 60

2226 1711 2261 1738 70

2226 1989 2258 2016 75

2222 2231 2257 2256 80

2220 2588 2253 2622 85
