2388 3439
736 185 805 222 DE
836 186 1077 222 OBSIDION
1081 186 1114 221 E
1141 184 1534 220 TIPHERNATUM
2010 187 2052 222 13

201 309 246 341 ob
270 309 376 341 multa
400 309 632 341 benivolentie
656 314 869 351 argumenta,
894 318 960 350 que
986 306 1094 344 nobis,
1118 307 1198 339 dum
1221 307 1255 338 in
1273 307 1458 338 minoribus
1487 317 1646 344 essemus,
1672 307 1852 340 exhibuisti
1869 308 1889 340 ¹.
1936 308 2056 340 Perse-

202 363 333 394 vetavit
357 363 458 395 etiam
483 363 539 394 hic
563 372 658 394 amor
689 362 724 393 in
748 368 781 393 te
807 367 922 393 noster
955 361 1056 392 etiam
1089 361 1123 391 in
1154 361 1227 401 ipso
1253 360 1463 402 pontificatu,
1488 367 1522 392 et
1554 360 1641 392 bene
1674 361 1734 392 tibi
1759 372 1833 393 esse
1866 363 2055 403 optavimus

202 422 330 448 tautum
356 422 480 452 tamen,
497 422 661 458 quantum
679 414 848 446 hone'stas
865 421 899 446 et
915 414 1099 445 auctoritas
1115 413 1263 445 Romani
1289 414 1459 455 pontificis
1484 419 1517 445 et
1540 413 1761 455 Apostolicae
1786 414 1887 446 Sedis
1911 415 2059 458 dignitas

203 469 406 510 patiebatur.
455 468 558 501 Potes
584 475 620 500 tu
643 469 716 510 ipse
749 467 1023 499 animadvertere
1049 478 1117 498 non
1142 478 1216 498 esse
1241 468 1313 498 sine
1347 467 1491 498 maxima
1516 473 1596 499 nota
1621 467 1720 499 huius
1743 468 1845 505 sedis,
1870 476 1904 500 et
1935 479 2058 512 magno

159 522 177 552 5
203 522 347 556 nominis
370 523 417 554 tui
442 522 657 559 detrimento,
682 521 850 562 privatum
876 521 986 552 civem
1020 521 1053 551 iu
1085 520 1223 551 civitate
1248 520 1427 552 Romanae
1452 519 1608 565 Ecclesig
1640 520 1807 552 dominari
1839 522 1944 553 invito
1976 532 2059 563 pon-

204 575 306 607 tifice.
353 575 428 607 IIoc
447 585 548 606 unum
573 584 691 606 omnes
716 580 749 605 et
773 574 984 605 admirantur
1009 579 1042 604 et
1067 572 1307 614 obloquuntur,
1333 584 1444 615 neque
1470 573 1623 605 iudicant
1648 573 1716 605 ullo
1740 580 1841 615 pacto
1867 575 2058 607 ferendum.

202 629 322 671 Itaque
347 638 424 660 cum
456 628 605 670 legatum
637 633 787 659 nostrum
811 627 856 658 ad
892 626 1107 658 formandum
1140 626 1321 658 nonnullas
1353 627 1508 658 civitates
1533 633 1665 658 nostras
1692 628 1891 665 miserimus,
1923 629 1965 673 hg
1991 639 2060 660 om-

202 692 263 713 nes
286 692 353 726 qug
377 681 547 713 mandatis
571 680 813 721 obtemperare
846 680 1037 716 voluerunt,
1071 679 1163 711 nullo
1193 679 1318 711 damno
1335 679 1464 711 affecte
1490 685 1583 716 sunt3
1608 690 1696 722 quae
1729 691 1810 712 vero
1842 687 2061 714 contumaces

201 734 414 772 obstiterunt,
440 733 604 766 nonnulla
638 743 738 777 passe
763 739 841 765 sunt
865 732 1093 770 incommoda,
1118 733 1231 774 potius
1254 733 1397 764 militum
1422 733 1561 774 impetu,
1586 739 1620 764 et
1644 743 1761 765 eorum
1785 734 1984 766 criminibus
2014 735 2061 767 ita

141 787 179 818 10
203 787 428 831 exigentibus,
452 798 554 830 quam
578 787 671 829 quod
700 797 762 818 nos
786 793 844 818 aut
870 787 1003 829 legatus
1027 793 1142 818 noster
1167 787 1212 818 ita
1239 786 1454 818 voluerimus.
1502 786 1621 818 Visum
1646 793 1697 819 est
1721 787 1822 819 etiam
1847 788 2060 830 Tiphernum

203 841 322 873 urbem
339 847 373 874 et
389 841 461 872 eius
485 841 578 872 cives
595 841 630 872 in
650 840 771 872 melius
796 840 956 877 formare,
975 839 1019 872 ob
1036 840 1143 871 decus
1167 846 1235 871 tam
1261 846 1411 872 nostrum
1435 850 1537 882 quam
1562 846 1666 878 tuum,
1690 841 1834 872 maxime
1852 852 1927 873 cum
1949 842 2060 883 palam

202 894 367 927 dicereris
391 894 609 938 tyrannidem
634 894 669 926 in
693 904 734 925 ea
758 900 791 926 te
817 904 991 931 exercere,
1017 904 1128 936 neque
1147 894 1216 934 pati
1234 893 1457 936 magistratus'
1483 899 1615 926 nostros
1640 893 1783 926 liberum
1809 895 1844 926 in
1861 906 1901 927 ea
1917 896 2060 939 regendi

203 948 254 979 ius
279 947 418 985 habere,
442 954 545 990 teque
570 947 771 989 Apostolice
796 946 898 979 Sedis
915 947 1056 980 invitum
1072 947 1233 979 mandata
1252 946 1376 983 subire,
1402 953 1436 978 et
1460 946 1525 979 hoc
1551 957 1591 979 eo
1615 954 1816 990 argumento
1834 949 2060 990 comprobari,

205 1001 284 1043 quia
310 1012 483 1043 nunquam
506 1001 551 1033 ad
576 1012 638 1033 nos
662 1001 808 1038 veneris,
841 1011 953 1043 neque
979 1000 1083 1031 ullum
1115 1001 1286 1032 servitutis
1317 1006 1554 1043 argumentum
1587 1000 1792 1033 exhibueris.
1839 1002 1945 1034 Venit
1975 1003 2060 1035 istuc

142 1053 179 1085 15
204 1055 307 1098 igitur
331 1055 464 1098 legatus
487 1061 613 1092 noster,
625 1065 694 1087 non
710 1054 755 1086 ob
772 1055 968 1092 vindictam,
986 1054 1048 1086 sed
1064 1053 1315 1086 observantiam
1333 1054 1509 1086 dumtaxat
1533 1063 1723 1086 exacturus.
1769 1054 1983 1088 Persuadeas
1999 1055 2059 1088 tibi

204 1107 293 1139 hanc
318 1113 467 1139 nostram
491 1107 703 1148 provinciam
728 1113 762 1139 et
779 1108 902 1139 nostris
920 1114 953 1139 et
970 1113 1162 1139 nostrorum
1187 1106 1315 1138 viribus
1340 1117 1408 1138 non
1433 1117 1507 1138 esse
1532 1107 1769 1140 derelicturos.
1794 1107 1923 1140 Verum
1940 1115 2058 1150 postea

205 1171 307 1203 quam
330 1161 376 1193 ad
400 1171 463 1193 nos
487 1161 605 1193 misisti
624 1168 658 1193 et
681 1161 725 1193 de
751 1161 925 1193 voluntate
950 1168 1008 1193 tua
1032 1161 1115 1193 facti
1140 1171 1254 1192 sumus
1271 1161 1446 1198 certiores,
1470 1167 1504 1193 te
1530 1162 1703 1193 hortamur
1727 1168 1772 1199 ut,
1797 1163 1887 1194 omni
1905 1163 2060 1204 deposito

203 1220 306 1252 metu,
323 1215 474 1257 legatum
491 1215 602 1256 ipsum
618 1215 734 1252 adeas,
752 1215 852 1257 eique
870 1214 1008 1247 debitos
1034 1215 1181 1246 honores
1198 1215 1393 1256 impendam
1411 1215 1577 1246 faciemus
1595 1221 1630 1247 ut
1649 1216 1714 1247 iter
1727 1221 1834 1247 tutum
1850 1215 1911 1247 tibi
1928 1222 2060 1257 pateat:

204 1278 322 1300 omnes
347 1268 475 1306 exules,
500 1275 534 1300 et
557 1278 792 1311 quoscumque
818 1275 995 1310 suspectos
1019 1268 1168 1306 duxeris,
1192 1269 1343 1300 amoveri
1369 1269 1480 1300 statim
1505 1269 1751 1306 mandavimus,
1776 1280 1853 1300 nam
1885 1275 1919 1302 et
1947 1269 2060 1313 legato

140 1322 181 1353 20
206 1321 270 1363 ipsi
295 1328 463 1363 oportune
489 1323 695 1364 scripsimus,
721 1328 755 1354 et
779 1323 825 1354 ita
850 1332 912 1354 nos
936 1322 971 1354 in
988 1322 1093 1354 verbo
1118 1322 1289 1364 pontificis
1314 1322 1549 1363 promittimus,
1575 1322 1701 1354 nullam
1726 1329 1760 1355 te
1777 1329 1834 1354 aut
1858 1329 1932 1355 tuos
1955 1323 2062 1355 iactu-

205 1386 277 1406 ram
301 1375 522 1413 toleraturos3
546 1376 759 1419 ingredietur
782 1376 916 1419 legatus
941 1386 1017 1407 curn
1050 1376 1102 1407 his
1134 1376 1252 1412 solum,
1277 1376 1335 1417 qui
1361 1376 1490 1408 civitati
1516 1386 1590 1407 esse
1616 1377 1765 1418 suspecti
1790 1387 1858 1408 non
1885 1382 2055 1418 poterunt,

210 1428 341 1471 absque
375 1429 443 1461 ullo
476 1430 640 1471 cuiusque
672 1430 797 1461 damno
829 1436 886 1461 aut
919 1429 1146 1467 incommodo,
1171 1429 1311 1474 prestita
1342 1435 1458 1461 tamen
1482 1440 1544 1471 per
1570 1436 1603 1461 te
1628 1430 1722 1471 prius
1745 1430 1870 1462 idonea
1902 1430 2060 1462 cautione

206 1476 297 1513 issius
320 1483 490 1514 mandatis
513 1489 616 1525 atque
641 1483 792 1515 decretis
815 1483 1093 1524 obtemperandi;
1126 1483 1281 1514 invenies
1304 1483 1338 1515 in
1371 1494 1411 1514 eo
1442 1484 1737 1516 mansuetudinem
1770 1490 1804 1516 et
1835 1483 2061 1516 clementiam.

206 1534 438 1568 Condiciones
462 1543 561 1569 erunt
585 1537 788 1569 huiusmodi.

148 1655 188 1686 25
534 1656 777 1690 CONDICIONES
802 1667 1004 1690 PONTIFICIS
1028 1667 1166 1690 MAXIMI
1191 1667 1336 1689 OBLATE
1359 1658 1530 1690 N1COLAO
1554 1658 1731 1691 VITELLO.

294 1740 394 1774 Statu
417 1742 540 1784 privati
566 1742 650 1774 civis
675 1748 855 1774 contentus
880 1748 969 1779 est0;
993 1742 1037 1774 de
1054 1742 1230 1774 dominatu
1256 1743 1402 1774 civitatis
1419 1749 1453 1775 et
1470 1749 1559 1775 statu
1582 1743 1672 1775 illius
1697 1750 1730 1775 te
1747 1754 1816 1776 non
1832 1744 2061 1781 intromittito;

207 1805 285 1827 cum
313 1796 448 1828 nemine
481 1795 718 1828 adherentiam
750 1802 809 1827 aut
841 1796 1160 1828 confederationem
1192 1795 1334 1833 habeto;
1368 1797 1411 1829 de
1444 1797 1666 1838 proventibus
1698 1798 1894 1839 prediorum
1926 1808 2061 1830 suorum

208 1848 363 1880 exulibus
386 1849 587 1891 responderi
613 1850 731 1886 sinito3
755 1849 901 1880 iussibus
925 1849 1048 1882 nostris
1080 1855 1114 1881 et
1146 1849 1388 1881 successorum'
1414 1849 1607 1892 obsequens
1633 1857 1722 1887 θεῖος
1748 1850 1826 1882 boui
1855 1851 1939 1883 civis
1963 1851 2063 1883 officii

206 1913 342 1944 semper
367 1902 539 1934 exhibeto.
587 1902 710 1934 Omnia
736 1903 800 1935 hec
825 1902 943 1935 debita
969 1903 1127 1935 cautione
1153 1909 1187 1934 et
1211 1903 1430 1935 iureiurando
1455 1904 1553 1935 simul
1578 1914 1619 1936 ac
1644 1903 1827 1936 observare
1858 1905 2064 1946 promiseris,

142 1955 183 1986 30
208 1962 242 1987 et
266 1966 321 1987 res
344 1956 417 2002 ipse
442 1967 504 1998 per
528 1956 678 1999 legatum
703 1957 912 1998 compositae
937 1957 1082 1992 fuerint3
1107 1963 1140 1988 te
1166 1956 1346 1988 hortamur'
1373 1963 1408 1988 ut
1432 1968 1498 1988 una
1523 1967 1600 1989 cum
1625 1957 1738 2001 legato
1762 1958 1807 1990 ad
1838 1968 1900 1990 nos
1930 1958 2066 2000 profici-

208 2010 331 2041 scaris:
356 2020 434 2041 nam
458 2010 605 2041 dimissis
629 2010 785 2042 omnibus
810 2010 928 2052 copiis,
953 2010 1014 2042 tibi
1040 2010 1241 2052 praesertim
1266 2011 1402 2047 odiosis,
1428 2011 1611 2042 tutissimus
1634 2012 1679 2042 ad
1711 2021 1782 2049 nos,
1814 2017 1848 2043 et
1879 2012 2006 2049 venies,
2031 2018 2064 2043 et

209 2063 349 2100 redibis,
374 2070 408 2095 et
430 2063 477 2096 ita
502 2063 563 2096 tibi
589 2064 641 2095 his
666 2064 786 2096 litteris
811 2064 1024 2106 pollicemur.
1072 2064 1146 2096 Hoc
1172 2070 1273 2106 pacto
1299 2065 1400 2096 etiam
1425 2064 1589 2108 purgabis
1619 2065 1655 2096 id
1687 2065 1779 2107 quod
1810 2065 1856 2097 ad
1888 2076 1949 2097 nos
1980 2077 2065 2097 nun-

207 2127 310 2158 quam
334 2118 535 2155 accesseris,
568 2128 630 2150 nos
655 2128 739 2150 vero
764 2117 808 2150 ob
832 2118 1009 2160 antiquam
1026 2117 1292 2150 benivolentiam
1310 2118 1502 2150 videbimus
1527 2124 1560 2150 te
1585 2119 1697 2150 animo
1723 2118 1956 2157 libentissimo,
1973 2125 2007 2152 et
2029 2119 2065 2150 in

210 2170 461 2203 deditissimum
487 2171 592 2203 filium
616 2178 650 2204 te
679 2182 815 2214 semper
839 2172 1052 2204 habebimus.

146 2294 187 2325 35
409 2296 553 2328 ANIMUS
577 2305 841 2329 OPPIDANORUM
867 2306 1000 2334 QUALIS
1025 2306 1113 2329 POST
1136 2306 1318 2329 LITTERAS
1342 2307 1389 2329 ET
1413 2307 1648 2330 CONDICIONES
1673 2308 1886 2331 PONTIFICIS.
1936 2335 1939 2339 ³

299 2381 464 2413 Nicolaus
487 2380 635 2413 Vitellus
660 2381 720 2413 has
745 2382 875 2414 litteras
892 2383 926 2414 in
951 2388 1071 2414 senatu
1094 2382 1219 2424 aperiri
1249 2382 1456 2425 recitarique
1474 2383 1578 2420 iussit,
1597 2394 1723 2425 easque
1742 2383 1883 2427 singulis
1900 2383 2065 2427 legendas

210 2433 373 2472 exhibuit,
397 2434 580 2467 consulens
604 2446 706 2466 unum
730 2446 891 2478 quenque
908 2436 991 2478 quid
1017 2436 1081 2468 hac
1105 2436 1141 2467 in
1158 2447 1194 2467 re
1212 2436 1409 2468 faciendum
1434 2436 1492 2468 sit:
1517 2448 1596 2468 num
1621 2443 1786 2469 armatum
1810 2437 1966 2469 admittat
1989 2448 2065 2470 cum

210 2487 325 2530 legato
368 2488 572 2525 exercitum3
617 2499 695 2520 num
724 2488 871 2520 Romam
902 2489 1156 2531 proficiscatur3
1196 2500 1275 2521 num
1306 2489 1503 2532 designatas
1535 2490 1750 2522 conditiones
1782 2491 1878 2522 iuret.
1925 2490 1975 2522 Ea
2007 2491 2063 2523 die

210 2541 442 2583 Tiphernates
467 2542 549 2573 nihil
577 2542 628 2574 his
653 2543 774 2574 litteris
798 2542 892 2575 leniti
918 2549 977 2575 aut
1007 2543 1114 2575 territi
1148 2549 1240 2576 sunt:
1273 2543 1335 2575 sed
1360 2543 1436 2585 plus
1468 2544 1569 2575 etiam
1594 2544 1692 2576 solito
1718 2545 1752 2576 in
1775 2545 1920 2576 maxima
1952 2545 2066 2587 stipati

145 2595 187 2626 40
211 2595 408 2633 concordia,
435 2595 576 2628 firmiter
607 2596 814 2629 decernunt:
839 2607 908 2629 non
923 2596 1172 2630 admittendum
1195 2598 1316 2639 quovis
1340 2603 1441 2639 pacto
1466 2608 1543 2629 cum
1567 2597 1677 2640 copiis
1700 2598 1861 2641 legatum,
1885 2597 2064 2631 Nicolaum

300 2725 308 2743 ¹
328 2727 484 2756 Saapmm,
502 2727 571 2751 Erat·
587 2728 618 2751 dr·
634 2735 693 2752 casa
722 2728 813 2752 Vitelli
831 2728 936 2760 (Aaou.
957 2728 1063 2754 emur.
1078 2728 1112 2754 C.
1172 2730 1185 2743 “
1198 2732 1296 2761 morte,
1317 2737 1360 2754 ma
1373 2730 1439 2754 fatti
1454 2731 1580 2762 prigioni
1596 2729 1635 2761 gli
1651 2731 1820 2762 aggressori,
1834 2731 1852 2753 li
1869 2730 1950 2755 diede
1964 2731 1994 2755 in
2009 2739 2064 2756 ma-

213 2776 243 2794 m
252 2768 359 2800 CAsr.);
376 2769 451 2794 “Era
465 2772 566 2801 questo
581 2769 718 2803 pontefice
733 2771 824 2795 molto
836 2771 929 2795 amico
940 2771 969 2795 di
982 2772 1113 2800 Niccolo.
1172 2775 1184 2787 u
1197 2782 1233 2798 no
1253 2774 1310 2798 alla
1329 2775 1475 2806 giustizia,
1496 2782 1509 2798 e
1528 2773 1697 2798 condottosl
1719 2774 1739 2798 il
1768 2774 1854 2799 serito
1874 2774 1930 2800 alle
1949 2776 2065 2809 proprie

213 2812 264 2836 “al
285 2812 366 2844 quale
385 2812 455 2836 s’era
475 2819 584 2845 sempre
603 2815 762 2844 protestato
777 2813 936 2846 obbligato,
949 2813 1058 2847 perche,
1073 2823 1113 2839 es·
1171 2816 1265 2847 “case,
1287 2817 1316 2840 lo
1343 2816 1402 2841 fece
1428 2817 1567 2841 medicare
1587 2824 1600 2840 e
1620 2823 1777 2848 guvernare
1797 2817 1976 2843 trattandolo
1996 2825 2064 2843 ono-

214 2855 226 2867 “
239 2856 327 2879 sendo
359 2855 415 2888 egli
451 2857 647 2880 commissario
680 2856 812 2888 generale
844 2857 887 2880 dei
915 2856 1111 2888 Francescani‚
1171 2858 1370 2883 “revolmente
1391 2859 1473 2883 molti
1488 2860 1565 2887 mesi,
1578 2858 1612 2883 ed
1632 2858 1716 2883 affine
1736 2858 1844 2884 l'invio
1865 2867 1880 2884 a
1900 2860 1991 2885 Roma
2012 2868 2065 2885 con

169 2901 182 2927 5
213 2897 345 2921 “mentre
365 2904 485 2929 passava
505 2897 602 2921 vicino
616 2906 632 2922 a
647 2896 727 2923 citt&
741 2898 769 2922 di
786 2897 924 2928 Castello,
946 2899 975 2923 su
994 2900 1029 2924 da
1041 2900 1112 2924 certi
1171 2900 1343 2924 “numerosa
1363 2900 1530 2932 compagnia
1551 2900 1578 2924 di
1605 2900 1685 2932 genti
1711 2901 1760 2925 che
1780 2900 1809 2924 10
1835 2901 2029 2926 disendessero
2049 2909 2065 2926 a

216 2940 304 2964 “suoi
324 2940 429 2964 nemici
449 2939 566 2964 assalito
578 2940 610 2964 ed
631 2948 646 2965 a
665 2941 814 2965 bastonate
829 2941 996 2966 malamente
1018 2942 1111 2970 serito,
1170 2944 1242 2967 “sue
1263 2950 1342 2974 spese
1354 2959 1378 2973 „-

216 2982 292 3011 Μῖνι,
313 2983 548 3014 sopravvenendo
562 2981 693 3012 Niccolo,
710 2991 766 3007 non
788 2983 852 3008 solo
872 2984 901 3008 lo
922 2983 1013 3009 libero
1034 2985 1111 3009 dalla

218 3098 237 3124 l.
256 3105 271 3131 3
293 3101 362 3124 -stas
381 3101 408 3124 et
427 3100 583 3124 auctoritas
604 3099 633 3130 T,
646 3107 668 3123 c.
689 3098 748 3124 686.
769 3113 800 3118 —
821 3099 840 3124 l.
862 3107 890 3124 12
913 3102 1027 3125 nostros
1048 3101 1081 3130 A,
1101 3108 1127 3132 p.
1149 3107 1189 3132 33.
1211 3113 1244 3118 -
1263 3101 1281 3124 1.
1303 3100 1335 3124 28
1355 3100 1511 3132 obsequens
1530 3100 1564 3131 Α,
1579 3108 1605 3132 p.
1618 3107 1661 3132 34.
1676 3114 1707 3118 -
1723 3100 1743 3126 l.
1757 3107 1792 3133 30
1804 3103 1835 3125 ut
1849 3108 1905 3126 una
1925 3102 1954 3131 T,
1969 3109 1992 3128 c.
2007 3101 2068 3135 687·

2087 2490 2182 2510 Animus
2208 2490 2301 2515 oppida-

2114 2523 2193 2537 norum
2217 2517 2299 2542 qualis.

2095 2824 2127 2842 ΣΟ
