2388 3439
683 236 754 270 DE
782 235 1060 272 OBSIDIONE
1089 236 1482 274 TIPHERNATUM

278 414 453 446 FEDERICI
478 415 702 447 FELTRENSIS
727 425 915 448 ADVENTUS
940 427 977 448 IN
1002 426 1145 449 cAs'rRA
1172 427 1217 448 ΕΤ
1241 427 1429 450 cOPIARUM
1455 427 1674 451 APPARATUS
1699 429 1888 451 NOVARUM.

244 498 407 530 Hostibus
430 506 532 541 atque
559 499 740 541 oppidanis
764 500 808 532 ad
835 501 920 532 haec
945 502 1132 542 occupatis.
1158 512 1285 543 paucos
1310 509 1385 544 post
1416 502 1491 535 dies
1523 503 1710 535 Federicus
1743 504 1769 534 F
1772 504 1927 535 eltrensis
1959 504 2003 535 ab

153 551 237 583 urbe
262 551 385 589 Roma,
402 563 478 584 cum
497 554 657 594 expedita
675 565 786 591 manu,
804 555 898 586 iustis
914 554 1103 589 itineribus,
1120 555 1164 587 ad
1189 555 1336 598 legatum
1354 556 1532 588 contendit
1548 557 1574 594 ’ς
1600 557 1655 588 ubi
1674 557 1717 589 ad
1735 564 1846 589 castra
1864 563 2001 589 ventum

153 611 213 642 est,
238 616 332 637 mora
357 606 449 638 nulla
474 606 576 638 rebus
600 608 744 649 agendis
770 608 872 642 facta,
899 608 1016 640 urbem
1042 609 1226 643 obsessam.
1251 616 1285 641 et
1309 617 1420 641 castra
1445 611 1557 642 omnia
1582 611 1794 648 collustrans,
1811 616 1935 642 cuncta
1959 612 2002 642 ri-

109 657 128 690 5
154 664 274 696 matur,
299 659 514 702 cognitisque
540 660 849 693 machinationibus
873 667 940 693 tam
972 661 1200 694 obsidentium
1225 673 1326 704 quam
1351 663 1575 699 obsessorum,
1601 670 1634 695 et
1658 663 1796 696 sedibus
1820 670 2003 696 tormento-

150 723 223 744 rum
241 718 275 745 et
291 712 589 756 stratagematibus
606 714 718 749 variis,
743 716 892 746 omnium
917 722 1109 747 commenta
1125 727 1334 758 magnopere
1353 717 1514 748 laudavit.
1556 718 1688 749 Dehinc
1705 717 1860 749 omnibus
1885 718 2002 760 explo-

150 766 241 803 ratis,
265 777 343 798 mox
359 766 403 798 ad
427 766 640 799 obsidionem
658 768 802 800 maiores
819 769 936 810 copias
953 769 1122 803 sollicitat.
1140 769 1299 801 Carolum
1318 769 1538 802 Manli-edum
1552 770 1562 786 ²
1580 782 1621 802 ex
1639 771 1814 808 Faventia,
1831 770 1997 803 Constan-

148 819 231 851 tium
254 818 442 852 Sfortiam³
460 831 501 852 ex
519 819 670 858 Pisauro,
688 828 722 853 et
745 828 777 853 te
803 821 993 854 Robertum
1018 822 1233 854 Malatestam
1259 834 1301 854 ex
1327 823 1490 855 Arimino.
1537 823 1588 855 Ex
1612 823 1745 856 Urbino
1776 831 1887 856 autem
1919 835 1997 856 suas

148 873 308 905 cohortes
332 879 464 910 evocat,
488 874 701 916 maximaque
727 875 795 907 cluo
819 881 987 907 tormenta
1012 875 1136 907 advehi
1162 875 1266 913 iubet,
1291 877 1326 908 in
1349 887 1492 918 quorum
1509 877 1659 909 adventu
1684 877 1795 909 menia
1818 878 1893 920 ipsa
1909 877 1994 910 deii-

86 925 126 958 10
149 936 230 959 cere
255 926 345 958 velle
369 927 482 968 palam
506 926 636 969 aperit.'

640 1051 751 1084 PACIS
775 1061 995 1085 TRACTATUS
1019 1062 1066 1084 ET
1090 1063 1140 1085 AD
1164 1063 1285 1085 PACEM
1310 1063 1511 1086 SUASIONES·

239 1137 326 1168 Dum
352 1137 438 1170 haec
463 1137 679 1182 prestolatur,
704 1136 918 1169 obsidionem
951 1138 1039 1169 hanc
1066 1138 1200 1181 longius
1225 1149 1460 1180 processuram
1486 1139 1596 1176 ratus‚'
1622 1139 1749 1182 nequid
1773 1140 1935 1182 temporis
1951 1141 2001 1172 in-

146 1200 279 1223 cassum
304 1191 436 1222 omittat
460 1190 667 1222 Fredericus
691 1191 776 1232 ipse,
801 1190 895 1233 vigili
921 1197 957 1222 ut
982 1197 1055 1222 erat
1079 1191 1192 1223 animo
1216 1198 1319 1234 atque
1347 1192 1500 1226 consilio.
1526 1192 1717 1234 oppidanos
1748 1193 2000 1235 Nicolaumque

144 1243 309 1276 Vitellum
334 1255 397 1286 per
420 1244 552 1287 legatos
576 1244 712 1281 excitat,
737 1244 763 1275 si
789 1243 833 1276 de
858 1254 945 1286 pace
970 1245 1188 1287 amicitiaque
1214 1245 1432 1277 concilianda
1456 1246 1511 1288 agi
1537 1252 1662 1287 posset.
1707 1245 1842 1283 Quibus
1865 1257 1933 1289 quo
1951 1247 2001 1278 fa-

144 1297 242 1329 cilius
267 1308 326 1329 eos
357 1298 392 1329 in
424 1308 518 1329 suam
543 1297 746 1329 sententiam
771 1297 911 1329 allicere
941 1298 1063 1335 valeat,
1096 1298 1245 1330 ostendit
1277 1298 1409 1330 Italiam
1439 1309 1573 1330 omnem
1605 1300 1756 1341 pontifici
1790 1300 1934 1331 maximo
1965 1300 2001 1332 in

145 1350 210 1383 hac
234 1350 414 1383 obsidione
431 1351 599 1388 assentiri,
630 1351 819 1383 identidem
851 1350 980 1383 Galeaz
1012 1351 1157 1383 Mariam
1189 1351 1377 1384 Mediolani
1411 1352 1545 1389 ducem,
1573 1352 1898 1395 Ferdinandumque
1916 1353 1997 1385 Par-

143 1404 312 1446 thenopes
335 1415 464 1448 regem,
488 1415 529 1437 ac
554 1404 718 1441 Venetos,
743 1404 900 1436 omnibus
924 1405 976 1436 his
1007 1405 1051 1437 acl
1083 1405 1119 1437 id
1152 1406 1355 1437 unanimiter
1387 1405 1599 1443 coeuntibus,
1633 1406 1758 1438 frustra
1789 1406 1994 1448 sperandum

143 1458 361 1490 Florentinos
385 1457 666 1499 Tiphernatibus,
691 1464 853 1500 tanquam
878 1458 1122 1496 confederatis,
1155 1459 1340 1504 presidium
1373 1458 1594 1496 exhibituros,
1626 1460 1787 1491 maiorem
1813 1459 2000 1491 exercitum

144 1517 281 1553 praesto
305 1511 502 1548 affuturum,
527 1512 724 1554 maioraque
749 1518 917 1544 tormenta
943 1511 1061 1543 urbem
1091 1512 1192 1554 paulo
1210 1519 1287 1554 post
1303 1512 1459 1544 menibus
1476 1513 1704 1549 enudandam‚
1722 1513 1998 1550 frumentatione,

143 1565 303 1607 omnique
321 1571 513 1597 commeatu
530 1575 604 1596 esse
621 1565 811 1596 destitutos.
859 1564 898 1596 In
913 1571 963 1596 tot
978 1565 1081 1608 igitur
1108 1565 1385 1607 impendentibus
1403 1565 1610 1603 criminibus,
1628 1566 1790 1608 oppidum
1807 1577 1827 1597 a
1852 1577 1887 1597 se
1913 1567 1998 1598 tueri

145 1628 213 1650 non
238 1629 355 1660 posse:
388 1629 457 1650 non
481 1619 696 1650 immemores
720 1618 865 1651 subinde
897 1619 932 1650 in
963 1618 1119 1650 omnibus
1144 1618 1419 1660 expeditionibus
1443 1619 1505 1651 sibi
1532 1620 1701 1661 placuisse
1726 1630 1878 1661 semper;
1911 1631 1998 1662 pace

145 1671 305 1704 libentius
321 1683 423 1714 quam
439 1673 542 1704 armis
567 1672 657 1704 bella
682 1672 882 1715 transigere,
914 1672 1201 1714 quemadmodum
1234 1673 1323 1704 enim
1351 1673 1613 1716 sanguinolenta
1637 1673 1779 1705 victoria
1803 1673 1879 1714 plus
1896 1673 2000 1706 habet

144 1725 283 1770 invidie,
308 1726 355 1758 ita
389 1726 491 1758 etiam
516 1726 695 1758 incruenta
720 1726 792 1757 sine
818 1725 1015 1758 discrimine
1041 1726 1117 1767 plus
1143 1725 1247 1758 habet
1269 1727 1413 1769 gloriae.
1459 1725 1515 1759 Ob
1538 1727 1573 1758 id
1590 1733 1706 1768 partes
1723 1737 1800 1758 suas
1817 1727 1999 1768 pollicetur

144 1789 213 1811 non
236 1779 425 1816 defuturas,
451 1779 580 1812 debere
605 1779 797 1822 oppidanos
822 1779 894 1811 eius
918 1779 1019 1811 dictis
1043 1785 1146 1821 atque
1172 1779 1314 1812 consilio
1340 1780 1441 1812 fidem
1467 1786 1653 1821 praestare,
1678 1786 1746 1812 tum
1772 1780 1879 1812 veteri
1905 1779 1999 1812 beni-

144 1832 305 1870 volentia,
329 1838 399 1865 tum
424 1833 548 1866 mutuis
572 1833 700 1870 officiis,
725 1839 794 1865 tum
820 1833 936 1864 finium
961 1833 1188 1865 connexitate.

82 1297 120 1329 15

78 1564 120 1595 20

78 1831 120 1864 25

511 1970 714 2003 (ΣοΝεΙῐᾸυΜ
739 1980 959 2004 SENATORUM
983 1971 1167 2004 Tmnssnm
1193 1981 1264 2003 PRO
1291 1980 1385 2003 PACE
1407 1981 1646 2004 TRACTANDA.

232 2056 388 2100 Cognitis
405 2056 593 2098 postulatis,
610 2062 785 2088 senatores
804 2056 1015 2097 tiphernates
1039 2056 1272 2088 conditionum
1290 2067 1452 2088 summam
1470 2067 1603 2088 omnem
1620 2057 1900 2099 accipiendarum
1924 2057 2001 2089 reii-

145 2109 415 2152 ciendarumque
440 2109 485 2141 ad
511 2109 692 2141 Nicolaum
718 2109 883 2141 Vitellum
907 2109 1114 2147 detulerunt,
1139 2117 1300 2152 tanquam
1324 2110 1370 2141 ad
1394 2110 1518 2141 civium
1544 2116 1686 2152 patrem,
1700 2117 1878 2152 patronum
1895 2117 1998 2153 atque

145 2162 367 2200 dictatorem‚'
392 2169 580 2205 sperantes,
607 2163 896 2205 quemadmodum
921 2163 994 2194 eius
1017 2163 1162 2195 durante
1189 2163 1354 2195 hactenus
1378 2163 1548 2195 dictatura
1573 2174 1627 2195 res
1653 2163 1739 2195 bene
1763 2170 1859 2207 geste
1881 2174 1999 2195 omnes

146 2217 292 2254 fuerant,
317 2217 364 2248 ita
388 2217 489 2248 etiam
515 2216 595 2248 belli
621 2216 722 2247 linem
747 2227 925 2248 successus
950 2223 1149 2258 expectatos
1174 2216 1377 2248 habiturum.
1424 2216 1500 2248 Nec
1525 2223 1604 2249 ante
1629 2223 1766 2249 senatus
1782 2227 1875 2248 suam
1892 2217 1999 2248 voluit

144 2270 262 2303 dicere
287 2270 502 2307 sententiam,
519 2280 620 2311 quam
637 2269 681 2301 de
699 2269 859 2311 opinione
885 2269 1020 2302 Nicolai
1046 2269 1164 2301 Vitelli
1190 2270 1316 2302 certior
1340 2270 1451 2302 factus
1468 2270 1626 2302 extiterit.
1674 2270 1735 2302 Ille
1753 2270 1900 2302 omnium
1919 2280 1999 2302 ocu-

146 2324 196 2356 los
219 2324 255 2355 in
285 2334 322 2355 se
347 2323 523 2356 coniectos
548 2323 776 2365 conspicatus,
801 2322 938 2364 paulum
964 2322 1214 2365 cogitabundus
1239 2322 1397 2361 substitit,
1421 2334 1567 2366 moxque
1599 2323 1672 2355 eius
1702 2329 1850 2355 mentem
1874 2323 1909 2355 in
1934 2323 1998 2368 hgc

146 2376 252 2410 verba
275 2377 426 2409 resolvit.

79 2218 121 2250 30

86 2909 118 2928 10

235 2517 240 2533 ¹
265 2517 342 2542 ὄνομ.
363 2519 413 2542 cit.
432 2517 462 2541 di
475 2516 567 2541 Ριεκο
583 2517 707 2542 Anemo
721 2523 752 2541 m
767 2515 936 2547 Gxovzmm,
957 2525 983 2550 p.
996 2524 1029 2549 92
1042 2527 1046 2541 z

150 2561 197 2585 “A
219 2558 248 2585 dl
269 2559 303 2585 28
322 2560 399 2584 ditto
419 2561 520 2593 gionse
541 2559 586 2584 nel
599 2567 699 2593 eampo
715 2559 791 2584 dela
812 2559 913 2584 chiesa
933 2559 957 2583 el
978 2560 1048 2584 duca

146 2602 160 2616 α
171 2604 204 2627 de
223 2602 343 2632 Urbino,
362 2600 383 2626 n
399 2603 443 2626 nel
457 2601 583 2626 contado
597 2602 631 2626 de
647 2601 786 2632 Castello,
801 2602 875 2626 dove
888 2609 935 2626 era
951 2604 1037 2626 nante

144 2645 195 2671 “di
217 2646 290 2671 dove
304 2646 354 2670 che
367 2646 388 2670 li
404 2644 522 2670 cavalco
537 2647 671 2670 incontra
685 2646 710 2669 cl
725 2644 869 2670 cardinale
883 2645 917 2670 dc
936 2646 963 2670 S.
978 2646 1038 2670 Pie-

146 2688 216 2714 “tro
238 2690 266 2713 in
288 2688 407 2713 vin-:oli
427 2696 479 2712 con
501 2688 528 2712 la
547 2689 657 2720 magior
685 2690 764 2720 parte
792 2688 836 2712 del
858 2696 967 2720 campo,
987 2697 1039 2713 con

145 2730 158 2744 '¹
171 2731 251 2756 molti
273 2731 385 2763 dopieri
399 2738 414 2755 e
426 2731 590 2755 lantcrnoni
612 2731 693 2755 acesi.
731 2731 775 2755 Da
789 2732 836 2763 poi
852 2731 877 2754 cl
893 2731 972 2755 detto
993 2731 1041 2755 du-

147 2774 203 2798 “ca
222 2774 255 2798 dc
276 2773 394 2800 Urbino.
415 2774 490 2806 dopo
511 2773 665 2806 manglare.
685 2771 761 2797 ando
781 2781 795 2797 a
816 2773 915 2797 vedere
936 2774 1003 2797 tutti
1021 2774 1038 2796 li

146 2817 302 2841 “bastione
321 2823 335 2839 e
355 2817 428 2839 tutte
448 2815 473 2839 le
492 2815 636 2839 bonbarde
656 2822 710 2839 con
735 2815 825 2839 molta
845 2815 1041 2843 solen-itudinc,

146 2859 217 2892 “poi
230 2857 333 2882 mando
347 2865 363 2881 a
373 2858 435 2882 dire
449 2866 463 2882 a
480 2865 567 2882 mcscr
581 2857 686 2881 Nicolo
698 2857 849 2881 vitellozzi
865 2858 899 2880 da
911 2857 1048 2884 Castellm

146 2901 201 2925 “de
223 2899 345 2925 volunta
365 2900 409 2925 del
432 2908 503 2933 papa
524 2908 537 2923 ο
564 2907 616 2923 con
639 2900 816 2924 comessionc
836 2899 881 2923 del
902 2899 1047 2924 cardinale

146 2944 310 2977 “predetto‚
330 2943 379 2967 che
399 2951 447 2975 per
468 2945 591 2966 termene
611 2943 644 2966 (lc
665 2950 679 2974 3
701 2939 729 2966 di
745 2942 785 2966 lui
801 2942 910 2967 doveva
931 2949 1046 2975 respon-

147 2985 244 3014 “dere‚
263 2993 277 3009 e
296 2986 358 3010 dire
378 2985 405 3009 la
431 2992 480 3009 sua
509 2983 637 3015 volonth,
665 2993 693 3008 se
714 2984 752 3008 lui
782 2983 863 3009 voles
890 2986 964 3009 stare
983 2993 999 3009 a
1020 2985 1046 3010 la

145 3028 160 3042 ¹‘
171 3028 327 3054 obedienzs
347 3028 392 3052 del
412 3035 485 3061 papa
495 3044 519 3059 η.

1193 2515 1204 2532 ²
1223 2507 1246 2541 1³3
1267 2519 1375 2542 incerto
1395 2525 1423 2541 se
1443 2518 1484 2541 sia
1498 2517 1582 2542 Carlo
1602 2517 1754 2548 Mansredi,
1773 2517 1851 2550 figlio
1872 2518 1999 2542 naturale

1105 2560 1131 2583 di
1153 2559 1300 2592 Fedefigo,
1322 2560 1342 2584 il
1363 2560 1446 2591 quale
1467 2561 1510 2584 nel
1535 2566 1609 2593 ¹503.
1630 2560 1706 2593 dopo
1727 2559 1755 2584 la
1775 2562 1864 2584 morte
1884 2561 1928 2584 del
1943 2561 1997 2585 Va-

1105 2603 1226 2633 lentino,
1246 2603 1268 2626 sl
1296 2601 1428 2634 present&
1457 2602 1564 2627 invano
1584 2603 1640 2626 alle
1664 2604 1743 2635 porte
1769 2603 1797 2626 di
1819 2603 1930 2627 Faenza
1950 2610 1998 2636 per

1105 2646 1288 2677 riprendernc
1310 2645 1329 2669 il
1359 2653 1497 2677 possesso,
1524 2653 1632 2677 oppure
1660 2645 1746 2669 Carlo
1769 2644 1794 2669 11
1813 2644 1997 2677 (1439-1484).

1104 2688 1183 2721 figlio
1203 2689 1230 2712 di
1253 2689 1389 2721 Astorgio
1408 2688 1444 2717 11,
1463 2689 1593 2721 principe
1612 2688 1710 2712 chiaro
1732 2688 1868 2713 nell'armi
1890 2697 1904 2712 e
1925 2689 1997 2713 nelle

1104 2731 1203 2754 lettere
1223 2730 1341 2760 (Llr’m,
1359 2734 1399 2762 op.
1417 2731 1471 2761 cit„
1492 2730 1526 2757 11.
1547 2733 1604 2755 tav.
1624 2728 1659 2762 6).

1191 2773 1202 2788 ²⁵
1221 2773 1318 2797 sforza
1339 2773 1480 2797 Costanzo
1495 2773 1522 2796 di
1540 2773 1713 2797 Alcssandro
1728 2772 1913 2805 (1·‡47·¹⁴83)·
1929 2773 1997 2798 Pro-

1105 2814 1179 2839 fessb
1201 2815 1225 2838 ln
1247 2815 1363 2839 milizin.
1400 2815 1440 2838 Fu
1461 2815 1642 2839 condottiero
1662 2814 1760 2839 d‘armi
1781 2815 1826 2839 del
1847 2815 1932 2848 Papa,
1952 2815 1995 2840 del

1105 2859 1181 2882 Dura
1203 2858 1229 2881 di
1252 2858 1362 2881 Milano
1381 2866 1394 2881 e
1421 2858 1463 2881 dul
1492 2857 1533 2882 Re
1552 2857 1582 2881 di
1608 2857 1723 2891 Napoli.
1760 2858 1811 2882 Ncl
1844 2863 1910 2891 1479
1929 2857 1996 2891 pero

1106 2907 1194 2924 venne
1220 2902 1304 2933 posto
1325 2908 1338 2924 a
1359 2907 1430 2932 capo
1460 2899 1648 2924 dell'escrcito
1673 2899 1826 2925 florentino
1852 2902 1952 2925 contro
1975 2901 1995 2925 il

1104 2943 1187 2975 Papa,
1209 2943 1284 2975 dopo
1303 2943 1332 2968 lu
1351 2943 1486 2975 rongiura
1513 2942 1557 2966 dei
1584 2942 1680 2973 Pazzi,
1699 2950 1712 2967 e
1732 2950 1780 2975 per
1799 2944 1898 2974 questo
1918 2942 1997 2968 Sisto

1103 2985 1258 3010 furibondo
1280 2985 1307 3008 lo
1327 2983 1457 3009 diemaro
1483 2985 1621 3009 decaduto
1646 2985 1692 3010 dal
1719 2984 1866 3010 vicariatu
1891 2986 1919 3009 di
1941 2984 1997 3010 Ro-

1105 3034 1214 3059 mugna,
1233 3027 1262 3051 dl
1282 3027 1327 3051 cul
1348 3028 1493 3052 riottenne
1512 3027 1710 3051 l'investltura
1737 3027 1798 3051 solo
1819 3027 1863 3051 nel
1887 3026 1962 3060 1481.

234 3144 255 3168 1.
275 3151 305 3169 11
327 3144 415 3170 PAcxs
440 3144 469 3173 T.
489 3152 511 3168 c.
532 3149 591 3177 713.
614 3157 644 3163 --
664 3144 683 3168 1.
707 3149 736 3168 12
758 3143 862 3177 nequid
882 3145 916 3174 Α,
937 3151 963 3176 p.
984 3143 1025 3175 78.
1049 3158 1077 3162 =
1098 3143 1117 3168 1.
1138 3150 1171 3175 ²9
1191 3144 1336 3175 sperantes
1357 3142 1390 3171 A.
1418 3150 1444 3176 p.
1465 3148 1505 3176 79.

2020 771 2116 791 Carolus
2139 772 2237 791 Manne-

2041 798 2086 817 n'us
2097 798 2237 820 5101113,Κο-

2043 824 2120 845 bertus
2143 825 2237 845 Malate-

2046 854 2087 871 sla.

2020 1353 2104 1373 Galeaz
2153 1353 2234 1373 Maria.

2048 1379 2130 1399 Fctum
2137 1386 2149 1399 a
2157 1386 2169 1399 ιι
2176 1380 2189 1399 d
2197 1386 2210 1399 n
2217 1386 2234 1402 s,

2046 1407 2134 1429 Veneti.
2144 1407 2235 1426 Floren-

2045 1433 2094 1453 tini.

2029 2562 2057 2589 ι5

2025 2777 2059 2795 ²0

2026 2988 2056 3015 ²5
