2388 3439
100 891 138 922 10

102 1264 139 1294 15

101 1531 143 1562 20

104 1903 144 1934 25

689 185 760 220 DE
789 183 1069 222 OBSIDIONE
1098 182 1492 220 TIPHERNATUM

163 316 232 342 turn
272 310 428 351 pecunie,
456 315 525 341 tum
565 318 721 339 annonae
761 307 1025 349 praemebantur
1057 308 1182 348 inopia,
1222 307 1362 348 privatis
1393 306 1684 348 clandestinisque
1701 306 2011 338 subsurrationibus

163 370 428 405 conqueruntur.
453 370 486 395 et
510 363 704 394 diuturnum
730 369 892 394 accusant
917 362 1096 398 obsidium,
1121 367 1155 393 et
1179 361 1242 392 sub
1266 361 1346 392 divo
1371 361 1520 392 alternas
1545 360 1688 402 vigilias,
1720 360 1890 392 horrenda
1923 361 2013 402 peri-

163 417 250 453 cula,
277 416 464 458 prohibitos
489 422 707 450 commeatus.
732 415 903 456 praesidia
928 414 1031 448 nulla.
1057 414 1226 446 excidium
1256 414 1414 450 futurum,
1443 413 1746 455 depopulationem
1771 414 2014 450 imminentem,

163 470 328 511 premium
354 470 493 505 nullum,
518 475 551 501 et
576 475 715 501 caetera
742 467 953 500 huiusmodi.'

585 593 872 625 TORMENTORUM
898 601 1118 624 APPARATUS
1144 602 1188 624 ET
1212 601 1439 624 SERPENTINA
1465 601 1610 628 QUALIS.

253 679 377 711 Hostes
400 685 512 711 autem
539 678 658 721 longas
675 678 879 710 munitiones
895 677 1072 710 deducunt
1089 678 1123 709 in
1141 677 1233 710 edito
1250 678 1378 710 tumulo
1395 678 1488 719 ponti
1507 678 1671 719 proximo,
1689 676 1745 709 ubi
1763 677 1831 709 duo
1848 678 2016 720 magnitu-

162 732 251 764 dinis
265 733 407 764 eximiae
425 738 592 764 tormenta
610 742 651 763 ex
668 731 805 762 metallo
823 731 1098 773 praesidiumque
1117 731 1360 762 validissimum
1377 731 1562 772 disponunt
1578 730 1596 761 ¹.
1622 730 1689 762 Ubi
1709 731 1821 767 etiam,
1837 731 1931 762 aliud
1948 737 2016 762 tor-

162 792 322 821 mentum,
337 785 482 817 caeteris
506 784 687 827 oblongius
711 790 813 826 atque
839 784 1030 821 violentius,
1055 790 1215 821 statuunt,
1240 784 1333 826 quod
1358 784 1460 827 vulgo
1485 784 1715 825 serpentinam
1742 790 1875 820 vocant,
1900 795 1942 816 ex
1974 794 2015 815 eo

163 839 307 871 forsitan
329 839 422 881 quod
446 838 614 879 serpentis
638 838 742 869 instar
771 843 873 878 caput
891 838 937 868 illi
955 837 977 875 ²,
994 837 1074 869 dum
1092 838 1239 880 fingitur,
1264 838 1446 869 formatum
1471 843 1572 869 extat.
1619 836 1900 879 Serpentinarum
1926 837 2016 879 pilae

161 897 238 924 sunt
262 891 454 933 plumbeae,
478 890 640 923 librarum
664 890 861 932 quindecim
888 890 1060 931 ponderis,
1084 891 1172 922 intra
1190 890 1365 932 plumbum
1382 900 1464 922 vero
1482 890 1626 922 frustum
1643 889 1740 922 inest'
1758 890 1915 933 chalybis
1931 898 2015 932 qua-

162 944 262 982 drati,
286 954 353 987 quo
378 943 545 976 obstantia
570 953 807 986 quaecumque
832 943 978 975 validius
1001 943 1239 975 demoliantur.
1286 943 1349 974 His
1372 943 1500 979 turrim,
1525 953 1592 985 que
1616 949 1754 984 pontem
1779 943 1918 980 claudit,
1943 953 2018 975 cre-

164 998 234 1030 bris
258 998 381 1030 ictibus
405 998 499 1029 illinc
525 997 662 1033 feriunt,
677 997 951 1038 munitionesque
975 1003 1054 1028 ante
1079 1003 1210 1038 portam
1236 997 1436 1028 constitutas
1460 997 1669 1033 concutiunt,
1687 1007 1751 1028 nec
1769 997 1837 1027 ulla
1862 1008 1904 1028 ex
1920 1003 2017 1038 parte

165 1052 348 1094 oppidanis
371 1052 524 1093 requiem
549 1050 728 1092 praebent.

609 1176 840 1207 FREDERICUS
865 1176 1091 1207 FELTRENSIS
1115 1184 1160 1206 Ex
1186 1174 1435 1207 PARTHENOPE
1459 1184 1580 1206 REDIT.

253 1262 445 1294 Interiectis
469 1261 600 1299 diebus,
619 1273 660 1293 ex
685 1260 903 1302 Parthenope
918 1261 928 1277 ³
947 1260 1085 1292 rediens
1101 1271 1121 1292 a
1139 1260 1359 1293 Ferdinando
1384 1271 1477 1303 rege,
1496 1260 1701 1293 Fredericus
1726 1261 1913 1293 Feltrensis
1929 1261 2020 1293 urbi-

165 1327 236 1353 nas,
261 1316 341 1347 belli
366 1315 435 1347 dux
459 1315 633 1352 maximus,
657 1325 699 1346 ac
724 1314 878 1356 plurimis
908 1313 1011 1345 rebus
1043 1313 1130 1345 bene
1162 1314 1267 1356 gestis
1293 1314 1508 1350 clarissimus,
1541 1314 1585 1345 ad
1617 1314 1813 1355 pontificem
1838 1315 2018 1345 maximum

165 1370 311 1402 Romam
336 1380 371 1400 se
397 1369 549 1401 contulit.
598 1367 686 1400 Huic
711 1368 768 1399 ille
795 1368 1006 1409 provinciam
1031 1368 1129 1399 huius
1154 1367 1235 1399 belli
1260 1378 1406 1404 omnem,
1430 1373 1498 1399 tam
1524 1378 1610 1409 pace
1635 1378 1737 1409 quam
1762 1367 1853 1399 bello
1881 1378 2019 1409 compo-

165 1423 313 1456 nendam
338 1423 449 1455 statim
473 1422 631 1459 credidit,
656 1428 758 1464 atque
784 1422 840 1459 ita,
866 1427 900 1453 et
923 1422 958 1453 in
983 1422 1102 1453 castris
1127 1427 1161 1453 et
1185 1422 1219 1452 in
1244 1421 1338 1458 urbe,
1363 1421 1528 1462 plurimus
1552 1431 1665 1453 rumor
1690 1421 1929 1453 disseminatus
1957 1428 2018 1453 est.

167 1477 242 1509 Hoc
267 1477 385 1508 nuntio
409 1486 595 1508 concussus
619 1475 762 1518 legatus,
787 1486 903 1507 secum
928 1475 1062 1518 agitans
1086 1484 1129 1506 ne
1154 1475 1244 1506 illius
1270 1475 1423 1506 fortassis
1447 1475 1615 1507 adventus
1639 1481 1809 1516 speratam
1827 1474 1889 1506 sibi
1915 1475 2022 1506 victo-

166 1530 250 1561 riam
275 1536 436 1572 tanquam
453 1529 497 1561 de
515 1528 671 1560 manibus
688 1529 847 1570 eriperet,
864 1528 1060 1570 praefectos
1085 1528 1271 1569 copiarum,
1297 1534 1330 1560 et
1346 1528 1404 1570 qui
1422 1538 1537 1560 secum
1555 1534 1662 1564 erant,
1679 1527 1723 1560 ad
1741 1528 1891 1559 intimam
1908 1527 2021 1560 taber-

168 1584 282 1616 naculi
307 1589 438 1625 partem
463 1583 645 1619 contrahit,
670 1582 794 1624 quibus
818 1582 1002 1614 contractis
1027 1582 1072 1614 ita
1098 1582 1231 1614 locutus
1256 1588 1316 1613 est.

680 1707 829 1739 ORATIO
855 1717 971 1738 PRIMA
997 1716 1132 1738 LEGA'I'I
1158 1717 1207 1738 AI)
1238 1717 1342 1738 BELLI
1370 1716 1490 1738 DUCES.

256 1794 467 1827 prudentum
497 1805 539 1826 ac
570 1794 741 1826 seniorum
766 1794 904 1836 ingenia
929 1793 1061 1836 magnis
1085 1793 1119 1824 in
1143 1793 1245 1824 rebus
1271 1793 1345 1824 sore
1374 1792 1610 1830 consultanda,
1634 1798 1704 1825 tum
1737 1804 1779 1824 ex
1806 1793 2021 1835 antiquorum

167 1849 313 1890 scriptis,
337 1855 407 1880 tum
425 1859 467 1879 ex
484 1858 596 1879 rerum
622 1847 844 1888 experientia,
869 1847 950 1878 satis
974 1846 1111 1878 abunde
1137 1852 1349 1887 compertum
1376 1845 1498 1877 habeo.
1545 1846 1584 1877 Id
1609 1856 1674 1888 ego
1692 1845 1850 1877 omnibus
1867 1847 1901 1877 in
1918 1846 2021 1877 rebus

169 1902 420 1934 observandum
445 1900 536 1937 duxi,
562 1911 678 1932 verum
703 1901 738 1932 in
762 1911 798 1932 re
823 1900 958 1931 militari
984 1901 1092 1942 magis
1115 1910 1156 1931 ac
1182 1900 1299 1942 magis,
1325 1900 1359 1930 in
1383 1909 1450 1941 qua
1487 1900 1662 1943 precipitis
1687 1906 1722 1931 et
1751 1899 1940 1943 inconsulte
1967 1910 2023 1931 vo-

266 2048 285 2066 ι.
307 2041 571 2065 submurationibus
593 2039 631 2067 Α;
647 2039 973 2064 submurmurationibus
995 2040 1028 2063 Β.

2046 1420 2119 1440 causa
2139 1427 2257 1446 oppugna-

2069 1448 2137 1467 {ionis
2153 1448 2222 1468 urbis*

258 2130 265 2147 ¹
285 2131 340 2155 Fra
359 2131 381 2155 il
404 2138 434 2162 14
454 2130 545 2162 luglio
565 2137 580 2154 e
598 2131 609 2154 i
628 2131 714 2162 primi
734 2131 863 2162 d’agosto
884 2129 1038 2166 ferveyano
1060 2130 1066 2151 i

170 2173 344 2206 preparativi
365 2179 413 2205 per
432 2172 560 2196 l’assnlto
586 2171 725 2203 generale.
755 2172 834 2196 Cron.
854 2172 903 2195 cit.
925 2171 955 2194 di
974 2171 1067 2194 Pmao

170 2215 295 2239 Anemo
314 2220 346 2239 DI
366 2213 536 2243 Grovixmn,
557 2222 602 2247 pp.
623 2219 718 2246 90-91:
746 2214 794 2236 “A
815 2211 844 2237 di
868 2220 898 2244 14
919 2212 952 2236 de
977 2212 1068 2244 luglio

173 2257 186 2270 ‘¹
199 2257 230 2281 fo
249 2257 383 2281 mandata
402 2256 427 2280 la
441 2256 595 2280 bombarda
609 2263 706 2287 grossa
720 2256 754 2280 de
768 2255 888 2287 Pei-ogia
910 2255 954 2279 nel
969 2261 1068 2286 campo

127 2308 140 2334 5
173 2299 232 2324 “de
251 2299 279 2323 la
299 2298 402 2323 chiesa
422 2301 523 2323 contro
543 2298 565 2322 li
593 2297 787 2329 Castellani„.

263 2339 275 2352 ¹¹
288 2340 314 2363 A
328 2338 357 2364 di
372 2346 406 2372 30
416 2338 450 2363 de
465 2339 557 2371 luglio
572 2345 698 2362 vennero
712 2339 739 2362 al
754 2340 842 2371 ponte
862 2338 895 2362 de
914 2338 940 2362 S.
955 2337 1069 2362 Gianne

172 2384 211 2415 '⁴3
231 2382 374 2407 bonbarde
399 2382 442 2406 del
469 2389 550 2414 papa,
576 2381 626 2405 che
651 2381 803 2406 andavono
830 2387 912 2406 verso
941 2380 1069 2405 Castello

172 2427 184 2439 “
198 2427 300 2450 contro
320 2424 364 2449 dei
387 2423 546 2448 Castellani
558 2441 582 2454 ,‚.

261 2467 309 2490 “A
330 2465 359 2490 di
381 2466 474 2499 primo
494 2466 527 2489 de
552 2468 654 2497 agusto
675 2473 746 2498 papa
766 2464 844 2489 Sisto
866 2463 969 2489 mando
998 2471 1067 2497 gran

174 2515 185 2524 ⁴·
198 2509 328 2542 quantita
349 2509 382 2533 de
395 2509 510 2540 polvere
524 2509 558 2532 de
571 2508 724 2532 bombarda
744 2514 792 2540 per
805 2508 833 2532 la
851 2514 951 2540 guerra
965 2509 1068 2531 contro

174 2554 187 2567 “
199 2554 219 2577 li
241 2551 400 2577 castellani
414 2568 438 2581 ,‚.

261 2595 308 2618 “E
326 2602 343 2619 a
362 2593 390 2618 di
410 2600 424 2617 2
439 2594 515 2618 ditto
536 2594 562 2617 la
587 2593 742 2618 bombarda
767 2600 866 2625 grossa
887 2593 920 2617 de
946 2592 1068 2625 Perogia

175 2640 186 2652 ‘⁴
199 2646 227 2663 se
247 2645 341 2671 roppe,
360 2645 374 2661 e
395 2644 453 2661 non
472 2638 560 2660 trasse
580 2643 607 2660 sc
628 2643 685 2659 non
700 2637 742 2659 tre
762 2636 840 2660 volte
853 2652 876 2667 ,‚.
915 2636 953 2659 Di
973 2636 1070 2666 queste

171 2681 324 2706 bombarde
337 2680 468 2704 abbiamo
490 2680 595 2703 notizie
615 2680 701 2704 anche
716 2679 751 2702 da
765 2685 821 2702 una
835 2678 936 2702 lettera
956 2677 1000 2702 del
1016 2677 1069 2701 Mi-

115 2733 142 2759 ¹5
174 2725 269 2749 nutoli
289 2724 315 2748 al
336 2722 490 2747 Cardinale
516 2722 546 2745 di
573 2722 661 2746 Pavia
680 2720 770 2752 [1474,
791 2722 854 2745 sett.
878 2719 920 2751 11:
943 2719 1070 2744 “Multis

175 2767 187 2780 ‘⁴
202 2766 415 2791 incursionibus
430 2765 521 2792 facus,
537 2764 653 2795 illisque
674 2763 830 2787 fortissime
841 2762 1069 2789 defendentibus.

114 2521 145 2538 10

176 2810 189 2823 “
200 2810 234 2833 ad
249 2807 418 2833 bombardas
433 2808 547 2831 ventum
561 2806 612 2830 e‘st.
632 2805 728 2829 Prima
747 2812 763 2829 a
776 2805 923 2829 Perusinis
942 2805 1069 2834 advecta,

177 2855 188 2865 “
201 2851 292 2884 priori
307 2853 366 2875 ictu
381 2851 409 2873 in
426 2849 530 2873 frustra
544 2848 663 2872 disiecta
677 2849 727 2872 est.
764 2847 843 2872 Duae
854 2853 995 2875 romanae.
1010 2854 1070 2878 par-

175 2893 254 2918 “tim
274 2893 386 2926 Tyberi,
406 2891 511 2924 partim
525 2892 599 2915 terra
621 2890 761 2917 advectae,
783 2891 886 2913 metum
908 2888 1069 2913 inauditum

177 2937 191 2950 “
203 2937 382 2961 incusserunt
408 2934 539 2958 obsessis.
565 2933 663 2957 Altera
690 2931 815 2962 tandem,
846 2933 911 2964 post
938 2933 1068 2963 coeptum

177 2979 189 2992 ¹⁴
202 2986 273 3012 opus
293 2977 326 3002 ad
346 2977 406 3001 dies
420 2977 496 3004 octo,
512 2974 693 3007 malignitate
706 2974 831 3007 pulveris
846 2975 904 2997 tum
919 2973 1070 2997 humidita-

1125 2128 1137 2141 “
1148 2129 1183 2157 te,
1196 2128 1303 2152 defecit
1317 2129 1347 2152 in
1362 2129 1458 2152 cauda.
1495 2128 1664 2153 Attulerunt
1677 2128 1747 2153 duas
1767 2129 1839 2153 allas
1858 2136 1892 2152 ex
1906 2128 2022 2153 Cesena.

1126 2170 1249 2195 “Altera
1277 2172 1389 2196 tandem
1419 2172 1516 2195 eodem
1546 2171 1630 2195 modo
1661 2172 1749 2195 fracta
1777 2173 1843 2203 est„
1877 2171 2022 2202 (ΛῐᾸιἹΕκι,

1128 2213 1249 2236 (ιίἀσοηιο
1274 2212 1410 2241 Minutoh‘,
1431 2211 1511 2237 Cittii
1535 2213 1562 2236 di
1585 2212 1722 2244 Castesso,
1748 2219 1824 2245 1913,
1843 2221 1871 2247 p.
1890 2212 1943 2245 76).

1212 2253 1223 2269 ‘³
1243 2254 1422 2288 Serpentiua,
1445 2256 1506 2280 vale
1533 2256 1562 2279 lo
1589 2258 1678 2279 stesso
1698 2256 1748 2279 che
1774 2257 1932 2281 colubrina.
1959 2253 2019 2278 cos-'i
2052 2259 2083 2286 ²5

1124 2297 1201 2321 detta
1222 2297 1267 2320 dal
1287 2297 1414 2321 colubro.
1455 2297 1551 2321 :xnche
1566 2297 1706 2321 l’Ariosto
1719 2298 1745 2321 la
1762 2298 1872 2321 ricorda
1887 2299 1911 2320 :11
1929 2298 1977 2320 lib.
1992 2306 2021 2323 o:

1230 2339 1243 2351 “
1258 2341 1285 2364 E
1302 2340 1368 2370 qual
1387 2340 1536 2366 bombarda,
1557 2348 1569 2363 e
1588 2340 1655 2370 qual
1673 2341 1776 2363 namma
1797 2342 1906 2371 scoppio,

1230 2382 1295 2410 qual
1312 2382 1432 2412 semph'ce
1452 2390 1566 2409 carm-m,
1580 2383 1646 2412 qual
1664 2389 1765 2405 carmon
1787 2383 1890 2412 duppin,

1229 2424 1293 2455 qual
1310 2432 1398 2455 sagra,
1411 2424 1477 2454 qual
1489 2423 1592 2453 falcon,
1612 2425 1678 2454 qual
1702 2424 1847 2449 ralnbrt'na,

1228 2470 1298 2490 senta
1319 2474 1421 2493 nomar,
1440 2474 1508 2489 come
1527 2466 1556 2489 al
1573 2474 1618 2489 suo
1637 2470 1728 2488 anstar
1746 2466 1793 2496 pizi
1813 2468 1934 2496 aym-mla
1951 2483 1973 2493 ,,.

1213 2510 1279 2541 ‘sipi
1299 2509 1329 2532 di
1341 2509 1490 2532 colubrina
1505 2509 1533 2531 in
1549 2508 1732 2536 ANGELucm,
1752 2511 1792 2539 op.
1806 2509 1858 2535 cit..
1873 2509 1931 2533 tar.
1945 2515 1958 2532 2
1972 2515 1986 2532 e
1999 2516 2024 2540 9.

1212 2548 1223 2565 ³
1245 2551 1323 2574 Croti.
1343 2551 1391 2574 cit.
1412 2550 1442 2574 di
1456 2549 1548 2574 Pnfflo
1562 2550 1687 2573 Ansam
1702 2556 1732 2573 ni
1747 2550 1914 2578 Giowmm.
1935 2557 1961 2582 p.
1975 2557 2024 2582 91:

1127 2596 1137 2605 “
1152 2594 1174 2616 λ
1196 2591 1224 2616 di
1247 2598 1277 2623 25
1299 2593 1331 2616 de
1351 2594 1453 2623 :igosto
1479 2593 1503 2616 el
1524 2592 1595 2616 duca
1622 2591 1655 2615 de
1675 2591 1786 2616 Urbino
1816 2593 1960 2616 tornando
1988 2594 2023 2616 da

1127 2636 1137 2648 ‘¹
1152 2636 1256 2667 Napuli
1275 2636 1375 2667 gimm-
1395 2642 1410 2658 a
1425 2633 1453 2658 di
1469 2634 1544 2659 (litto
1560 2634 1586 2658 al
1600 2632 1727 2666 Piegaio.
1742 2634 1815 2658 dove
1830 2634 1949 2667 aloggio
1964 2642 2022 2659 una

1127 2677 1139 2690 ‘⁴
1151 2683 1218 2705 sera,
1238 2684 1253 2700 e
1273 2677 1299 2700 lu.
1320 2678 1401 2700 notte
1421 2684 1449 2700 se
1469 2674 1544 2709 parti
1565 2684 1579 2700 e
1598 2674 1675 2700 and&
1690 2683 1770 2700 verso
1785 2676 1914 2701 Castello
1937 2678 1965 2701 in
1983 2677 2024 2700 fa·
2054 2688 2088 2713 35

1127 2719 1139 2731 “
1153 2726 1219 2743 vore
1238 2719 1283 2743 del
1304 2727 1402 2751 campo
1423 2719 1455 2742 de
1476 2718 1503 2742 la
1518 2717 1631 2747 chiesa,
1651 2726 1665 2742 e
1685 2718 1802 2743 cavalco
1822 2726 1874 2743 con
1896 2719 1972 2743 circa
1993 2726 2027 2751 50

1125 2761 1138 2774 ‘¹
1151 2762 1266 2791 cavalli,
1291 2760 1398 2785 bench&
1424 2762 1540 2785 Braccio
1567 2767 1663 2784 avesse
1689 2761 1763 2785 fatto
1783 2761 1832 2792 qui
1854 2762 1881 2785 in
1904 2761 2022 2793 Perogia

1127 2804 1219 2836 “gran
1235 2804 1403 2835 provisione
1419 2811 1466 2836 per
1481 2803 1620 2827 riceverlo
1635 2803 1664 2827 in
1679 2810 1743 2827 casa
1764 2811 1821 2828 sua.
1860 2804 1883 2827 A
1899 2803 1926 2828 di
1943 2805 2023 2828 detto

1124 2847 1137 2860 ⁸
1150 2854 1177 2870 se
1197 2846 1272 2870 disse
1292 2846 1342 2869 che
1364 2843 1445 2869 venia
1460 2846 1508 2876 qui
1525 2846 1552 2869 in
1574 2845 1693 2878 Perogia
1708 2846 1731 2869 el
1753 2849 1836 2870 conte
1851 2845 2025 2878 Giovngnie,

1126 2889 1250 2920 “nepote
1269 2888 1314 2912 del
1335 2895 1416 2921 papa,
1437 2895 1480 2911 ma
1507 2894 1565 2911 non
1586 2887 1628 2911 cie
1657 2895 1746 2912 venne
1766 2895 1814 2919 per
1834 2888 1883 2912 che
1901 2888 2026 2921 arbergo
2055 2897 2090 2921 40

1126 2934 1137 2944 ‘⁴
1151 2939 1166 2955 a
1181 2931 1288 2955 Dei-uta
1309 2937 1356 2963 per
1372 2938 1425 2954 una
1441 2937 1501 2954 sera
1521 2938 1535 2953 e
1552 2931 1600 2962 poi
1617 2937 1645 2954 se
1661 2938 1694 2955 ne
1709 2929 1784 2955 ando
1800 2938 1815 2955 a
1829 2938 1928 2964 campo
1943 2939 1957 2956 a
1972 2931 2027 2956 Ca-

1126 2971 1140 2985 ¹‘
1152 2972 1238 2996 stello
1251 2989 1275 3003 ,‚.

2054 2474 2087 2497 30

266 3094 286 3119 1.
308 3098 322 3125 5
343 3093 580 3118 ‘roman-rosum
608 3091 636 3122 T,
656 3098 679 3115 c.
699 3095 758 3120 701.
778 3103 811 3108 —
832 3089 850 3114 l.
872 3095 904 3113 ιο
924 3089 1054 3121 chalybis
1073 3089 1107 3118 A.
1128 3095 1155 3121 p.
1175 3087 1217 3119 58.
