2388 3439
107 1376 140 1395 10

107 1585 137 1611 15

105 1800 138 1818 20

104 2009 135 2035 25

101 2225 137 2251 30

103 2435 134 2464 35

102 2652 137 2678 40

102 2861 135 2887 ⁴5

888 185 1298 222 INTRODUZIONE

1960 189 2014 224 IX

168 314 372 346 strumento
400 311 571 358 generale
601 311 638 347 di
667 323 759 358 pace
787 312 841 346 fra
869 312 879 346 i
911 310 1088 354 cittadini,
1118 312 1295 358 garantita
1325 311 1370 346 da
1399 313 1595 358 opportuni
1634 312 1858 357 matrimoni,
1898 325 1917 346 e
1955 313 2014 348 col

166 372 399 417 giuramento
428 373 494 409 che
513 373 524 407 i
545 374 626 408 suoi
645 372 766 416 amici,
789 373 837 407 lui
865 377 1019 417 assente,
1041 385 1114 407 non
1135 374 1341 409 avrebbero
1361 375 1529 409 riccvuto
1558 374 1738 409 molestia.

1794 374 2014 421 Suppficava

169 433 301 468 inoltre
330 434 398 469 che
427 435 451 470 il
482 435 628 470 confine
658 434 704 470 da
732 435 984 481 assegnarglisi
1014 436 1108 470 fosse
1137 435 1172 469 in
1202 436 1304 471 Italia
1335 447 1354 468 c
1382 435 1418 469 in
1447 448 1493 469 un
1523 435 1688 470 dominio
1726 448 1799 469 non
1838 443 2013 482 sospesto,

167 507 240 530 con
267 496 401 532 facolta
431 497 467 531 di
496 497 734 532 liberamente
764 497 942 543 praticare
971 509 1042 533 con
1079 498 1284 544 qualunque
1322 496 1445 543 luogo,
1479 498 1616 544 purche
1646 497 1800 534 distante
1839 505 2014 546 quaranta

166 557 292 603 miglia
321 558 418 594 dalla
447 559 554 602 citta3
584 558 651 593 che
679 559 776 593 nella
806 559 1069 595 riammissione
1099 559 1160 595 dei
1189 559 1374 594 fuorusciti
1404 572 1475 594 non
1506 560 1644 595 sossero
1674 561 1856 606 compresi
1885 561 1934 606 gli
1955 572 2018 596 an-

166 619 263 663 tichi,
293 631 313 654 e
344 620 411 655 che
440 621 557 666 prima
586 620 622 654 di
660 621 844 656 muoversi
873 620 923 667 gli
961 621 1055 657 fosse
1093 621 1300 656 rimandato
1338 621 1361 655 il
1401 621 1502 667 figlio
1540 622 1738 664 Giovanni,
1778 622 1943 658 secondo
1981 623 2014 657 la

165 693 351 728 promessa
379 682 439 717 del
467 683 722 718 commissario
749 682 890 718 inviato
918 684 965 719 da
993 683 1040 718 lui
1072 695 1092 717 a
1122 685 1258 727 Roma,
1288 684 1496 730 piacessero
1526 697 1548 718 o
1578 696 1626 718 no
1655 685 1687 719 al
1718 686 1818 732 Papa
1856 685 1890 719 le
1927 698 2012 732 pro-

166 750 271 789 poste
309 744 531 780 condizioni.

588 745 622 780 E
650 751 754 780 tanto
783 745 793 778 i
822 745 936 791 priori
966 746 1033 780 che
1063 746 1072 779 i
1102 745 1239 781 Dodici
1270 746 1316 781 ed
1351 745 1375 780 il
1404 745 1568 790 sinciaco,
1599 746 1840 782 dichiarando
1879 748 1914 782 di
1952 760 2015 795 ap-

166 817 324 853 provare
355 808 588 853 pienamente
617 806 679 841 tali
717 807 898 851 richieste‚
927 807 1230 853 s'impegnarono
1259 809 1392 854 perche
1421 819 1442 842 a
1470 809 1594 843 Roma
1621 809 1762 844 fossero
1792 815 1972 845 accettate
1993 808 2013 845 ¹.

256 983 368 1011 'Auem
395 984 473 1010 COM.
493 992 524 1009 Dl
544 985 578 1010 C.
608 993 638 1010 Di
662 986 703 1015 C.,
724 987 845 1011 Reform.
876 988 1003 1018 Comanis,
1025 988 1058 1011 ad

167 1036 221 1057 an..
250 1035 272 1052 c.
291 1035 341 1060 93:
363 1026 521 1052 “Confinia
540 1035 589 1060 per
608 1029 756 1053 dominum
776 1029 926 1053 Nicolaum
947 1031 982 1054 de
1010 1031 1060 1053 Vi-

169 1069 272 1095 “teilis
290 1070 387 1095 electa.
424 1070 478 1095 Die
488 1073 568 1095 sexta
582 1071 646 1095 iulii
670 1070 745 1103 1468.
783 1070 1061 1097 Conciosiacosach'e

167 1110 214 1137 ’11
241 1113 479 1137 reverendissimo
514 1114 683 1146 monsignor
716 1115 851 1138 tesoriere
880 1116 1004 1146 magiore
1033 1117 1061 1139 et

167 1152 390 1181 ‘commissario
412 1155 440 1180 in
464 1157 562 1187 questa
582 1158 661 1188 parte
681 1156 756 1180 della
776 1154 883 1181 santita
909 1156 939 1180 di
963 1159 1061 1182 nostro

168 1197 307 1231 “signore
335 1198 475 1223 m’habbia
500 1199 646 1228 riefflesto,
668 1202 717 1231 per
743 1206 826 1223 nome
851 1199 926 1224 della
952 1201 1062 1232 prefata

168 1238 308 1267 “santitiu
328 1241 404 1265 ch’io
423 1241 524 1265 dcbbia
543 1242 646 1266 andare
666 1242 894 1274 personalmente
914 1242 965 1266 alli
985 1242 1061 1273 piedi

169 1282 220 1306 “di
241 1283 344 1315 quella,
365 1290 414 1316 per
440 1283 567 1308 l'assetto
586 1284 615 1308 di
635 1286 733 1316 questa
759 1282 838 1313 citta,
864 1287 891 1309 et
916 1291 989 1308 anco
1014 1292 1063 1318 per

169 1324 289 1350 “alcuni
308 1326 396 1350 buoni
419 1326 542 1359 rispetti,
567 1334 624 1350 non
650 1334 724 1360 pare.
762 1326 798 1350 Et
824 1327 1007 1351 deliberando
1034 1328 1062 1350 io

168 1367 180 1380 ‘⁴
192 1367 323 1393 sstissare
342 1369 372 1392 in
387 1368 504 1401 qualche
517 1370 597 1401 parte
611 1369 668 1393 alla
681 1368 787 1394 santita
799 1376 864 1398 sua,
883 1371 910 1393 et
923 1369 1063 1393 ali'onorc

166 1407 222 1434 “di
249 1410 345 1442 quello.
363 1411 460 1435 cedere
479 1419 549 1436 sono
574 1413 722 1443 contento,
748 1413 775 1436 et
801 1409 871 1441 cosi,
897 1419 946 1444 per
966 1413 1063 1443 questa

167 1450 292 1476 “scritta
311 1451 342 1476 di
362 1459 445 1476 mano
464 1453 492 1476 di
513 1459 558 1476 ser
582 1453 707 1478 Battista
725 1453 892 1477 cancelliere
905 1453 979 1477 della
993 1450 1063 1477 cittii

168 1492 221 1518 “et
239 1494 418 1519 sottoseritta
442 1495 471 1518 di
503 1502 587 1519 mano
606 1495 671 1526 mia,
699 1496 841 1527 prometto
866 1497 894 1519 et
920 1495 1063 1528 obligome

168 1535 220 1560 “al
239 1536 351 1568 prefato
368 1537 549 1561 serenissimo
569 1538 598 1561 in
619 1537 737 1563 Christo
757 1537 842 1570 padre
855 1539 882 1562 et
901 1538 1001 1570 signor
1015 1545 1062 1562 no-

169 1579 252 1605 “stro
272 1581 372 1612 signor
392 1580 480 1605 Paolo
500 1587 574 1613 papa
592 1581 725 1609 secondo,
743 1582 772 1604 et
790 1580 880 1612 peria
895 1588 944 1604 sua
957 1578 1064 1605 santita

169 1622 182 1635 ‘⁴
194 1623 215 1647 11
234 1622 472 1647 reverendissimo
492 1623 591 1655 signor
610 1623 740 1647 Lorenzo
754 1622 936 1647 arcivescovo
950 1623 983 1647 de
996 1623 1063 1654 Spa-

168 1664 182 1677 “
194 1665 278 1694 latro,
297 1665 450 1690 tesauriere
470 1666 605 1698 maglore‚
624 1665 674 1689 che
688 1667 795 1696 quanto
815 1666 905 1698 prima
919 1667 962 1689 tra
976 1665 999 1689 li
1013 1666 1063 1690 cit—

168 1709 181 1721 “
193 1708 287 1732 tadini
299 1708 327 1733 di
341 1710 439 1740 questa
453 1705 531 1736 citta,
546 1708 567 1732 li
588 1708 667 1739 quali
687 1709 717 1732 in
736 1710 834 1740 questa
847 1707 950 1732 ultima
964 1705 1064 1732 novit&

168 1751 181 1763 ‘⁴
192 1751 289 1775 hanno
302 1750 397 1779 offeso,
410 1751 438 1774 et
451 1757 523 1775 sono
537 1750 605 1774 stati
625 1750 713 1780 offes1‚
732 1750 776 1775 sia
796 1751 977 1774 intervenuta
997 1757 1064 1782 pace

168 1793 220 1818 “et
241 1794 359 1818 fermata
378 1800 431 1817 con
451 1793 642 1826 promissione
661 1792 691 1817 di
712 1799 782 1825 pene
805 1794 833 1816 et
858 1790 980 1817 securita
1004 1793 1065 1817 laiac

167 1834 259 1864 “inde,
279 1836 421 1860 mediante
441 1833 588 1859 l’autorita
606 1835 635 1859 di
655 1842 705 1859 sua
724 1832 841 1864 santitz'r,
854 1838 881 1859 et
898 1836 955 1859 fare
968 1835 1062 1860 alcuni

165 1878 179 1892 ⁴¹
190 1878 339 1910 parentadi
359 1885 439 1903 come
457 1885 474 1902 a
492 1885 541 1902 sua
556 1877 662 1902 santith
677 1875 777 1910 parera
791 1885 808 1901 o
822 1885 838 1902 a
861 1878 907 1902 chi
921 1877 955 1902 da
970 1878 1064 1909 quella

167 1917 294 1945 “havera
314 1918 450 1945 autorita.
486 1920 522 1945 Et
546 1922 630 1953 posta¹
657 1921 686 1944 in
707 1921 800 1952 quiete
821 1922 918 1952 questa
938 1918 1017 1948 citta,
1037 1921 1065 1944 et

167 1963 181 1976 “
193 1963 297 1988 l’amici
313 1964 378 1989 miei
395 1963 582 1997 remanghino
597 1965 625 1987 in
640 1964 735 1988 buona
747 1965 775 1987 et
786 1965 883 1995 quieta
894 1964 1064 1988 conditione

167 2005 221 2030 “et
242 2007 271 2030 in
291 2007 386 2038 grazia
405 2006 479 2031 della
499 2004 607 2030 santitzi
627 2006 654 2030 di
677 2007 777 2030 nostro
796 2006 918 2038 signore.
932 2006 1065 2030 d'andarc

167 2047 219 2072 “et
245 2050 319 2073 stare
337 2050 366 2073 ni
386 2048 491 2073 confini
511 2049 584 2074 dove
604 2057 653 2081 per
673 2056 722 2073 sua
742 2049 920 2073 beatitudine
941 2049 977 2072 mi
1000 2046 1063 2072 sara

167 2090 333 2119 “ordinatm
355 2092 435 2115 suora
455 2091 529 2116 delle
549 2094 621 2116 terre
642 2091 716 2116 della
737 2090 848 2119 Chiesa,
863 2093 892 2115 in
908 2091 999 2119 Italia,
1015 2091 1063 2115 che

166 2133 248 2157 “alla
277 2141 325 2158 sua
344 2134 523 2158 beatitudine
550 2133 671 2166 placere&
697 2136 724 2158 et
750 2141 852 2158 averne
876 2135 919 2171 in·
932 2135 1063 2158 dominio

166 2174 180 2187 “
194 2183 249 2200 non
270 2178 409 2209 sospetto,
422 2178 449 2201 et
463 2184 512 2208 per
525 2176 621 2208 quello
635 2178 731 2210 tempo
746 2177 795 2201 che
807 2175 918 2209 piacet-a
933 2177 989 2201 alla
1003 2184 1063 2209 pre-

167 2218 180 2230 ‘⁴
193 2218 252 2242 sata
271 2217 388 2247 santitii,
407 2219 580 2252 suplicando
600 2219 775 2244 nondimeno
795 2227 811 2243 a
831 2219 926 2251 quella
940 2219 1063 2243 devotis-

164 2260 179 2274 ¹'
189 2260 364 2290 simamente‚
379 2262 403 2286 si
417 2261 503 2294 degni
521 2262 684 2286 consentire
697 2261 748 2286 che
764 2262 793 2286 io
813 2268 897 2294 possa
910 2263 1064 2295 pratticare

164 2302 178 2316 ⁰
189 2305 217 2327 et
235 2310 315 2327 usare
331 2305 359 2328 in
375 2305 443 2336 ogni
464 2304 554 2336 luogo
568 2304 641 2328 dove
654 2311 669 2327 a
684 2312 726 2328 me
739 2301 862 2336 piacerir,
877 2311 934 2328 non
950 2311 1064 2336 appros-

167 2345 362 2370 “simandoml
381 2346 438 2370 alla
457 2344 538 2370 Citta
563 2346 593 2370 di
617 2346 744 2371 Castelio
767 2354 782 2370 a
800 2349 938 2377 quaranta
954 2347 1063 2379 miglia,

166 2386 299 2412 ‘'ovvero
319 2388 369 2412 che
388 2396 438 2413 sua
456 2389 635 2413 beatitudIne
649 2389 672 2413 si
693 2389 777 2421 degni
800 2389 859 2413 sare
878 2389 1016 2413 elettione
1029 2389 1063 2414 dc

166 2429 233 2455 “tre
252 2438 269 2454 ο
282 2433 398 2462 quattro
417 2431 540 2455 dominii
561 2433 590 2456 in
609 2431 704 2459 Italia,
717 2433 746 2455 et
759 2433 874 2462 quattro
894 2439 912 2456 o
932 2432 972 2456 sei
992 2433 1064 2456 terre

166 2472 238 2506 “per
257 2474 395 2501 dominio,
415 2475 443 2498 et
463 2474 513 2498 che
533 2475 574 2498 sia
594 2474 640 2507 poi
656 2475 685 2498 in
705 2474 826 2498 arbitrio
854 2474 911 2499 mlo
936 2474 1064 2506 eleggere

164 2516 244 2540 “una
263 2515 338 2540 dene
357 2516 433 2540 dette
453 2518 534 2546 terre,
559 2518 587 2540 et
609 2514 630 2540 n
650 2518 725 2541 stare
752 2516 986 2541 obedientissimo
1011 2517 1061 2540 alli

166 2557 311 2586 “confini3
332 2558 522 2590 supplicando
542 2559 627 2583 etiam
648 2559 697 2583 che
718 2566 767 2583 sua
787 2558 904 2587 santita.
919 2566 968 2591 per
987 2567 1062 2584 secu-

166 2598 248 2625 “rita
268 2601 325 2625 mia
352 2608 366 2624 e
386 2601 414 2625 di
434 2601 504 2625 tutti
523 2601 565 2633 gii
585 2601 670 2625 amici
695 2601 762 2626 miei
781 2603 809 2625 et
829 2609 897 2633 pace
917 2601 945 2625 di
965 2603 1062 2632 questa

165 2642 178 2655 ‘¹
190 2641 269 2671 cittii,
289 2643 314 2667 si
333 2643 416 2675 degni
437 2651 495 2668 non
522 2643 618 2668 volere
637 2643 688 2667 che
708 2644 737 2667 in
763 2643 821 2668 tale
835 2644 1064 2675 reintegrazione

165 2684 218 2710 “et
237 2692 305 2718 paee
324 2685 428 2710 habbia
447 2685 582 2710 advenire
609 2687 635 2710 et
661 2685 896 2718 comprehendere
909 2686 1006 2711 alcuni
1022 2686 1062 2711 de'

167 2727 180 2739 ‘¹
192 2727 344 2752 tuorusciti
366 2727 462 2752 vecchi
474 2746 498 2759 „.

253 2770 267 2782 “
277 2769 346 2794 Item
367 2770 498 2803 supplico
512 2770 570 2800 che,
585 2770 704 2795 durante
718 2770 739 2794 11
754 2771 849 2802 tempo
864 2770 893 2794 di
909 2770 980 2795 detti
995 2778 1061 2795 con·

167 2812 180 2824 ‘¹
191 2812 250 2842 fini,
265 2819 322 2836 non
338 2820 366 2837 se
378 2819 463 2845 possa
478 2811 511 2837 n'e
531 2813 641 2841 debbia,
655 2819 704 2845 per
722 2813 825 2837 alcuno
844 2812 965 2837 ufficiale
985 2821 1002 2837 o
1015 2821 1063 2837 co-

164 2852 178 2866 ”
191 2855 332 2883 missario,
351 2857 452 2879 contra
471 2855 502 2880 di
522 2863 563 2879 me
584 2855 698 2880 realiter
725 2862 774 2879 nec
800 2855 998 2886 personaliter.
1013 2863 1063 2880 nec

165 2895 240 2929 “per
258 2897 397 2921 directum
418 2905 466 2922 nec
485 2904 534 2930 per
553 2897 687 2928 oblicum,
711 2904 801 2921 essere
826 2897 1009 2922 condennato
1030 2896 1064 2922 n'e

167 2937 180 2950 ‘⁴
191 2938 314 2963 multato
329 2940 358 2963 in
372 2939 473 2964 alcuna
488 2947 560 2971 pena
574 2947 622 2972 per
643 2940 741 2972 vigore
754 2939 782 2964 di
798 2939 899 2964 alcuna
913 2941 1064 2968 sententia,

167 2979 180 2992 ‘¹
191 2978 225 3005 ne
238 2987 323 3014 possa
334 2988 424 3006 essere
444 2983 545 3006 notato
565 2982 695 3006 d'aleuna
715 2982 836 3008 infamia
850 2988 898 3013 per
911 2981 939 3007 la
960 2980 1060 3007 novit&

1117 988 1129 1001 ‘⁴
1142 989 1213 1014 {atta
1228 989 1273 1013 dcl
1289 996 1360 1013 mese
1374 990 1494 1022 d’uprile
1508 991 1647 1022 prossimo
1667 992 1790 1022 passato,
1811 988 1844 1013 n'e
1864 997 1911 1021 per
1931 991 2013 1015 alcun

1117 1032 1131 1045 “
1141 1032 1217 1056 altro
1231 1033 1342 1064 quesito
1355 1032 1462 1062 colore,
1476 1031 1602 1065 parendo
1621 1031 1670 1055 che
1693 1032 1708 1055 'l
1732 1032 1804 1056 fusse
1820 1032 1974 1056 inhumano
1988 1035 2015 1057 et

1116 1073 1128 1085 ‘¹
1145 1075 1240 1098 alieno
1259 1073 1359 1105 d’ogni
1386 1074 1504 1106 ragione
1528 1080 1617 1097 essere
1643 1073 1787 1097 confinato
1803 1074 1832 1097 in
1854 1081 1974 1106 persona
1987 1077 2015 1099 et

1116 1117 1264 1141 “multato
1284 1117 1314 1140 iu
1334 1116 1446 1145 havere,
1465 1114 1585 1149 perochc
1606 1117 1637 1139 de
1663 1117 1722 1139 iure
1741 1125 1790 1139 mm
1810 1117 1888 1140 debet
1906 1117 1963 1147 quis
1983 1118 2016 1140 dc

1118 1158 1191 1183 “uuo
1211 1159 1320 1183 crimine
1339 1158 1440 1189 duplici
1458 1162 1530 1190 pena
1550 1159 1657 1189 punire,
1686 1166 1743 1182 non
1765 1159 1941 1183 intendendo
1968 1166 2015 1191 per

1119 1202 1243 1232 “questo
1263 1201 1359 1225 volere
1378 1208 1466 1225 essere
1486 1202 1581 1225 esente
1601 1201 1731 1225 d'alcuna
1752 1202 1886 1233 portione
1900 1209 1942 1225 me
1956 1203 2015 1225 toc-

1120 1244 1226 1271 “cusse.
1241 1244 1366 1268 secondo
1387 1244 1413 1267 la
1433 1246 1494 1267 rata
1515 1245 1581 1273 mia,
1595 1250 1623 1267 se
1643 1243 1669 1267 la
1690 1241 1837 1268 comunitzi
1854 1244 1925 1267 fusse
1945 1244 2013 1267 mul-

1118 1287 1130 1300 ‘⁴
1143 1288 1203 1311 tata
1224 1287 1255 1310 in
1276 1286 1377 1310 alcuna
1397 1293 1468 1318 pena
1481 1303 1503 1316 η.

1207 1328 1300 1352 “Item
1321 1328 1452 1360 supplico
1471 1329 1521 1353 che
1541 1328 1661 1353 durante
1680 1328 1760 1352 detto
1780 1330 1876 1360 tempo
1891 1328 1934 1351 dci
1951 1335 2018 1353 con-

1120 1371 1132 1383 ⁴‘
1147 1371 1206 1399 fini,
1226 1369 1260 1394 n⁸e
1279 1371 1309 1394 in
1331 1377 1412 1394 nome
1432 1370 1474 1395 de’
1493 1370 1642 1402 superiori.
1664 1369 1697 1395 n'c
1717 1371 1750 1394 tie
1776 1371 1877 1394 alcuna
1904 1371 2015 1403 privata

1120 1412 1132 1424 “
1144 1413 1218 1437 altra
1238 1419 1367 1445 persona,
1388 1413 1426 1436 mi
1438 1419 1520 1445 possa
1534 1419 1623 1436 essere
1643 1412 1816 1437 demandata
1837 1420 1901 1436 cosa
1915 1412 2015 1437 alcuna

1120 1456 1174 1478 “in
1195 1455 1304 1480 iudicio
1325 1453 1360 1478 ne
1379 1456 1458 1479 extra
1477 1455 1651 1482 civilmente.
1672 1453 1706 1479 n'e
1724 1455 1811 1479 etiam
1831 1454 1934 1479 alcuno
1948 1455 1982 1479 de
1995 1455 2017 1479 11

1120 1497 1133 1508 “
1144 1497 1211 1520 miei
1224 1497 1299 1524 beni,
1319 1496 1397 1528 quali
1417 1496 1443 1520 al
1458 1497 1587 1528 presente
1607 1503 1740 1529 poseggo‚
1755 1503 1838 1529 possa
1852 1504 1901 1528 per
1914 1496 2017 1520 alcuna

1120 1538 1133 1551 “
1145 1538 1264 1570 ragione
1282 1545 1300 1562 o
1320 1538 1438 1570 cagione
1452 1546 1540 1562 essere
1560 1538 1720 1565 molestato,
1739 1538 1820 1562 salvo
1835 1540 1863 1562 et
1877 1539 2018 1562 reservato

1120 1579 1133 1593 “
1145 1588 1195 1613 per
1208 1582 1366 1606 mercanzia
1385 1582 1413 1604 et
1433 1581 1519 1605 robbc
1539 1581 1656 1607 dateme.
1670 1588 1688 1605 o
1702 1581 1800 1605 denari
1820 1582 1948 1613 prestati.
1962 1589 1975 1605 c
1989 1588 2017 1604 se

1121 1623 1133 1636 ‘¹
1144 1623 1352 1655 liquidamente
1371 1630 1498 1656 aparessc
1512 1639 1536 1654 ,,.

1209 1664 1300 1689 “Item
1320 1664 1451 1698 supplico
1465 1665 1515 1689 che
1529 1672 1609 1696 quam
1625 1666 1746 1698 primuni
1763 1666 1791 1689 io
1811 1666 1854 1690 sia
1875 1672 1968 1689 mosso
1983 1665 2016 1689 de

1119 1706 1133 1720 ⁸
1148 1707 1196 1739 qui
1217 1714 1266 1739 per
1285 1707 1389 1730 andare
1409 1707 1436 1730 al
1459 1707 1545 1739 luogo
1565 1707 1615 1731 che
1635 1707 1662 1731 la
1687 1704 1795 1731 santita
1815 1708 1843 1731 di
1865 1709 1964 1731 nostro
1983 1709 2018 1731 si-

1119 1751 1132 1763 “
1143 1758 1231 1782 gnore
1246 1751 1283 1773 mi
1299 1747 1444 1781 deputarit,
1462 1753 1490 1774 et
1505 1750 1543 1773 mi
1558 1751 1599 1773 sia
1619 1751 1782 1775 amandato
1796 1749 1944 1774 Giovanni
1959 1751 2017 1774 mio

1122 1792 1265 1824 “figliolo,
1285 1793 1367 1823 quale
1393 1792 1420 1815 al
1447 1794 1574 1824 presente
1595 1792 1698 1816 mando
1724 1800 1738 1816 a
1758 1793 1849 1816 Roma
1869 1793 1919 1816 alli
1940 1793 2016 1825 piedi

1121 1836 1220 1860 “della
1240 1835 1349 1869 prefata
1375 1833 1491 1862 santitzi.
1518 1843 1567 1868 per
1593 1833 1642 1868 piis
1662 1843 1805 1860 securezza
1825 1836 1854 1860 dl
1875 1843 2018 1860 osservare

1121 1879 1133 1891 “
1145 1881 1253 1911 quanto
1275 1880 1303 1902 io
1324 1881 1466 1910 prometto
1480 1878 1510 1903 di
1524 1886 1608 1910 sopra
1619 1898 1643 1910 „.

1210 1921 1222 1933 ⁴¹
1235 1921 1303 1945 Item
1324 1920 1454 1953 supplico
1481 1921 1532 1945 che
1558 1928 1596 1949 se.
1616 1929 1664 1953 per
1684 1921 1787 1951 alr-uno
1808 1921 1939 1953 rispetto,
1959 1929 2017 1945 non

1121 1963 1269 1995 “piaccsse
1295 1963 1353 1987 alla
1381 1961 1487 1988 santita
1513 1963 1542 1988 di
1569 1965 1667 1988 nostro
1694 1964 1808 1996 signore
1835 1966 1973 1988 accettare
1993 1965 2019 1988 le

1120 2006 1133 2018 “
1145 2006 1311 2031 conditioni
1325 2009 1353 2031 et
1367 2007 1573 2039 supplicationi
1592 2008 1655 2031 miei
1671 2008 1842 2039 sopradette.
1857 2007 1883 2031 la
1895 2015 1945 2032 sua
1956 2015 2017 2031 san-

1121 2049 1133 2061 “
1145 2047 1196 2073 rita
1212 2051 1232 2072 si
1249 2049 1333 2080 degni
1349 2049 1444 2073 subito
1459 2050 1644 2074 rimandarmi
1666 2049 1813 2073 Giovanni
1836 2051 1893 2073 mio
1907 2049 2018 2082 figliolo

1121 2092 1318 2124 “sopradettO.
1338 2098 1417 2116 come
1437 2099 1486 2124 per
1507 2092 1526 2115 il
1554 2099 1657 2116 rev.mo
1676 2099 1767 2115 mons.
1787 2092 1940 2116 thesoricre
1959 2099 2017 2124 pre·
2048 2103 2062 2110 -

1121 2135 1133 2146 *¹
1146 2134 1205 2158 fato
1220 2133 1271 2158 m'e
1285 2135 1360 2158 stato
1375 2141 1520 2166 promesso
1535 2135 1563 2158 di
1579 2142 1675 2158 curare
1695 2142 1809 2166 apresso
1828 2142 1878 2158 sua
1896 2135 2017 2159 beatitu-

1121 2177 1226 2208 “dine3
1245 2179 1273 2201 et
1292 2184 1341 2209 per
1361 2179 1558 2202 osservatione
1579 2178 1608 2202 di
1635 2179 1708 2202 tutte
1728 2178 1754 2201 le
1773 2185 1837 2202 cose
1857 2177 2020 2210 sopradette

1117 2220 1130 2233 ⁴⁴
1143 2220 1242 2251 obligo
1263 2227 1305 2243 me
1324 2221 1351 2243 et
1370 2220 1440 2244 tutti
1461 2220 1482 2244 11
1502 2221 1566 2244 beni
1589 2220 1655 2244 miei
1675 2221 1772 2244 stabili
1787 2222 1815 2244 et
1831 2220 2014 2252 1110bili,pre-

1121 2262 1133 2274 ·‘
1146 2263 1219 2285 senti
1241 2270 1254 2285 e
1275 2261 1363 2285 futuri
1377 2278 1402 2292 „.

1208 2304 1265 2328 “Li
1287 2304 1429 2336 magnifici
1455 2305 1566 2336 signori
1594 2304 1694 2336 priori,
1719 2311 1775 2328 una
1799 2312 1852 2328 con
1874 2304 1895 2328 11
1916 2305 2017 2328 Dodici

1118 2346 1131 2358 “
1142 2346 1288 2376 cittadini,
1308 2346 1438 2378 deputati
1458 2354 1506 2378 per
1519 2347 1540 2370 li
1562 2347 1685 2379 consigli
1707 2344 1924 2377 den‘auttoritii,
1938 2349 1964 2370 ct
1978 2347 2018 2370 Ia-

1121 2390 1132 2400 “
1145 2396 1228 2413 como
1241 2388 1272 2413 dl
1285 2388 1394 2413 Manno
1408 2389 1525 2413 sindaco
1545 2391 1572 2414 et
1586 2390 1682 2421 priore
1701 2389 1744 2413 del
1766 2397 1884 2413 comune
1898 2390 1928 2413 di
1942 2389 2018 2413 detta

1120 2430 1133 2443 “
1145 2430 1224 2459 citra,
1238 2431 1342 2455 veduta
1355 2433 1382 2456 et
1396 2431 1488 2456 intesa
1501 2433 1577 2456 tutta
1598 2432 1624 2456 la
1639 2432 1802 2464 sopradetta
1816 2432 1959 2459 scrittura.
1971 2439 2019 2463 per

1120 2472 1291 2498 “l’autorita
1311 2473 1354 2498 del
1377 2474 1440 2498 loro
1460 2475 1550 2499 offitio
1571 2474 1710 2506 predetto.
1732 2476 1759 2498 in
1782 2482 1863 2498 nome
1882 2475 1925 2498 del
1940 2475 2019 2498 detto

1119 2516 1269 2544 “corrinne,
1281 2517 1429 2540 aecettano
1443 2517 1468 2540 la
1483 2516 1561 2541 detta
1574 2517 1766 2549 promissione
1780 2518 1807 2540 et
1822 2516 2017 2548 obligatione·v

1120 2558 1132 2569 ‘⁴
1144 2559 1171 2581 et
1191 2564 1256 2581 caso
1276 2557 1326 2581 che
1345 2557 1426 2582 detto
1447 2565 1549 2582 messer
1568 2556 1672 2582 Nicolo
1689 2558 1762 2582 fusse
1775 2558 1905 2582 d’alcuno
1934 2559 2018 2589 impc-

1120 2599 1216 2629 “ditm
1237 2600 1286 2624 che
1307 2607 1364 2624 non
1386 2608 1545 2625 osscrvnsse
1563 2602 1671 2632 quanto
1691 2601 1720 2625 di
1741 2607 1824 2633 sopra
1838 2601 1860 2623 si
1877 2601 2019 2627 conticne,

1120 2642 1328 2673 “promettono
1348 2644 1375 2667 et
1395 2643 1534 2675 obligano
1553 2641 1589 2672 sb,
1610 2643 1754 2675 d’operare
1768 2644 1847 2666 omni
1869 2649 1949 2675 posse
1969 2643 2018 2667 che

1120 2685 1182 2709 “lui
1198 2686 1307 2710 osservi
1320 2688 1428 2717 quanto
1448 2686 1478 2711 di
1491 2693 1584 2718 sopra,
1597 2688 1625 2710 et
1641 2686 1698 2711 sare
1711 2688 1737 2710 et
1752 2693 1848 2710 curare
1863 2693 1924 2709 cum
1939 2686 2018 2710 omni

1121 2727 1296 2759 “diligentia
1317 2728 1366 2752 che
1386 2729 1496 2754 osservi
1516 2737 1531 2754 a
1551 2731 1660 2761 quanto
1675 2727 1713 2753 s’'c
1731 2728 1872 2760 obligato,
1892 2728 2020 2760 rogando

1120 2770 1132 2782 “
1145 2777 1187 2794 me
1207 2770 1335 2801 Baptista
1355 2771 1472 2795 notario
1485 2772 1512 2795 et
1526 2770 1700 2796 cancellario
1713 2770 1788 2795 delia
1801 2769 1870 2794 citra
1892 2771 2018 2801 predetta

1117 2812 1216 2836 “ch‘io
1237 2820 1270 2836 ne
1291 2812 1380 2836 faccia
1401 2814 1486 2844 pieno
1512 2815 1667 2841 eorm-atto.
1688 2814 1810 2845 presenti
1833 2813 1855 2836 li
1876 2812 2017 2844 magnifici

1121 2856 1276 2880 “huomini
1304 2857 1424 2881 Alberto
1445 2857 1478 2882 dc
1503 2857 1576 2881 Pilis
1599 2858 1632 2882 de
1658 2856 1746 2887 Fano,
1765 2859 1793 2882 et
1812 2856 1964 2882 Lodovieo
1984 2857 2019 2881 da

1121 2899 1133 2910 ⁴¹
1147 2898 1263 2923 Mantua
1283 2899 1443 2924 testimonii
1454 2918 1478 2930 ‚,.

1210 2940 1223 2953 ‘¹
1236 2941 1374 2976 Approbo
1388 2948 1440 2975 ego
1461 2942 1602 2967 Iohannes
1617 2943 1746 2974 Baptista
1766 2941 1928 2966 Pancellius
1952 2949 2017 2965 can-

1117 2982 1129 2995 “
1139 2982 1272 3008 cellarius
1283 3001 1307 3017 „-

2046 1038 2078 1061 50

2046 1251 2077 1276 55

2047 1887 2081 1912 70

2047 2306 2082 2330 80

2046 2734 2081 2756 ()ο

2045 2946 2078 2973 95
