2388 3439
304 1648 336 1665 10

303 2070 337 2087 20

304 2490 338 2515 30

305 2700 337 2726 35

305 2913 339 2937 40

1079 215 1310 250 ROBERTI
1339 214 1460 250 URSI

1076 390 1319 423 CONDICIONES
1343 400 1447 422 PACIS
1462 392 1482 422 ¹.

442 479 569 510 Milites
593 477 763 520 stipendio
789 476 949 509 conducti
975 476 1059 508 urbe
1085 476 1280 519 exigantur:
1306 475 1466 517 oppidani
1499 482 1532 508 et
1563 476 1697 508 incolae
1722 486 1816 507 arma
1852 461 2050 517 deponant}
2070 476 2206 507 exulum

355 533 466 565 nullus
489 533 700 568 restituatur;
725 531 757 562 Τ
759 531 956 573 iphernates
980 541 1057 562 cum
1082 529 1242 561 uxoribus
1269 541 1310 561 ac
1328 529 1444 561 liberis
1461 536 1563 572 atque
1581 530 1726 562 fortunis
1743 530 1844 561 salvis
1856 529 1938 565 sint:
1963 529 2079 561 exules
2094 539 2208 561 rerum

353 597 394 618 ac
420 585 591 618 bonorum'
617 596 753 617 suorum
777 585 932 617 redditus
956 584 1165 626 percipiant3
1191 584 1303 615 nullus
1327 595 1369 615 ex
1393 583 1550 621 obsessis,
1575 584 1655 615 data
1680 584 1714 615 in
1739 594 1856 615 omnes
1886 583 1997 620 venia,
2025 589 2139 614 notam
2155 593 2208 614 re-

357 639 514 671 bellionis
538 639 717 676 sustineat3
742 638 931 670 iurisdictio
957 637 1064 669 omnis
1089 637 1231 678 pristina
1256 637 1330 668 urbi
1356 637 1568 673 restituatur3
1592 637 1758 669 Nicolaus
1783 636 1931 668 Vitellus
1958 637 1994 668 in
2018 642 2130 668 castra
2160 635 2209 667 le-

353 694 422 736 gati
449 704 484 724 se
510 693 684 727 conferam
708 692 873 724 Nicolaus
897 691 1056 728 Vitellus‚
1071 691 1173 723 eundi
1198 691 1345 722 Romam
1370 691 1619 733 redeundique,
1637 702 1699 732 per
1715 691 1876 733 legatum,
1893 690 2108 722 cautionibus
2124 689 2210 733 legi-

353 747 453 783 timis,
478 757 618 778 securus
642 755 683 777 ac
707 751 797 777 tutus
822 745 996 776 reddatur.
1043 744 1150 781 Idem,
1175 745 1210 775 in
1235 744 1338 785 priori
1363 744 1474 787 gradu
1499 750 1532 775 et
1556 744 1723 787 dignitate
1748 744 1793 776 ad
1811 744 1933 780 omnia,
1950 742 2036 784 'post
2051 743 2209 780 reditum,

354 801 565 836 restituat-ur:
589 799 757 843 sententie
782 805 885 840 atque
910 798 1093 830 interdicta
1118 798 1241 835 omnia,
1266 803 1343 838 post
1367 797 1580 829 obsidionem
1605 798 1830 841 promulgata,
1856 808 1994 839 prorsus
2010 797 2105 829 irrita
2133 797 2209 834 sint,

355 860 389 885 et
411 853 525 885 inania
534 865 542 890 3
566 853 713 894 populus
737 852 845 884 omnis
869 852 1057 893 tiphernas,
1083 852 1168 883 citra
1192 851 1350 882 fraudem
1382 862 1423 883 ac
1455 851 1581 889 dolum,
1614 851 1658 883 ad
1690 851 1793 883 fidem
1818 857 1853 883 et
1882 851 2027 894 gratiam
2059 851 2207 892 priorem

356 908 545 950 integretur
560 906 576 938 '.

811 982 998 1013 DISCESSUS
1022 981 1184 1012 NICOLAI
1208 980 1366 1012 VITELLI
1391 990 1586 1013 INTROITUS
1610 990 1757 1012 LEGATI-

447 1071 605 1102 Firmatis
630 1082 712 1114 ergo
737 1071 832 1112 pacis
857 1069 1128 1107 condicionibus,
1152 1080 1253 1101 manu
1278 1080 1427 1111 ceraque
1452 1070 1555 1112 legati
1582 1076 1615 1102 et
1638 1069 1827 1106 Frederici‚
1853 1075 1887 1101 et
1910 1068 2127 1112 subsignatis,
2150 1068 2213 1100 Ni-

360 1126 483 1157 colaus
506 1124 677 1157 Vitellus²
703 1136 772 1157 non
794 1125 867 1156 sine
892 1124 1005 1156 multis
1029 1135 1165 1156 suorum
1182 1123 1366 1161 lachrimis,
1397 1123 1540 1155 salutern
1573 1124 1644 1155 eius
1676 1123 1891 1165 reditumque
1923 1123 2147 1165 precantium,
2177 1122 2213 1154 in

364 1263 497 1297 “gurato,
517 1264 600 1294 quale
622 1264 717 1288 subito
743 1272 795 1287 con
813 1264 833 1287 il
848 1270 898 1288 suo
913 1263 1025 1295 figliolo
1047 1264 1172 1295 magiore
1185 1260 1262 1286 andi>

364 1307 435 1331 “nel
455 1314 564 1338 campo,
591 1307 664 1330 dove
690 1305 806 1330 scontn')
827 1307 851 1330 el
878 1306 946 1330 duca
973 1307 1006 1329 de
1033 1305 1152 1333 Urbino‚
1179 1306 1262 1337 quale

364 1349 467 1381 “prese
494 1349 573 1373 detto
600 1356 702 1372 messer
728 1347 833 1372 Nicolo
862 1355 911 1380 per
938 1348 964 1372 la
992 1355 1084 1378 mano,
1107 1356 1120 1371 e
1141 1348 1263 1372 insieme

364 1391 495 1415 “andaro
516 1392 559 1415 nel
581 1391 750 1424 padiglione
769 1391 814 1414 del
829 1390 982 1419 cardinale,
1001 1398 1015 1414 e
1030 1390 1126 1415 subito
1147 1397 1175 1414 se
1188 1390 1263 1422 ingi-

364 1433 509 1458 “nocchio
529 1441 544 1457 a
564 1434 605 1458 lui
634 1434 665 1457 in
691 1435 766 1457 terra
796 1441 809 1456 e
836 1433 953 1457 insieme
979 1440 1033 1457 con
1060 1439 1122 1456 esso
1147 1433 1173 1456 el
1193 1434 1264 1457 duca

364 1475 527 1507 “predettm
547 1482 561 1499 e
581 1476 611 1499 in
633 1475 675 1498 fra
690 1482 703 1498 2
719 1476 798 1499 volte
819 1475 897 1499 detto
918 1482 1007 1498 meser
1026 1473 1131 1498 Nicolo
1152 1483 1181 1498 se
1196 1476 1264 1498 mise

365 1518 417 1541 “in
438 1518 624 1549 ginochione,
650 1518 723 1541 onde
744 1518 793 1541 che
813 1518 834 1541 il
861 1518 1007 1541 cardinale
1026 1518 1047 1540 li
1068 1517 1158 1541 disse:
1185 1525 1266 1540 meser

362 1559 374 1572 ¹¹
387 1561 488 1588 Ni‘colb,
507 1563 537 1583 tu
555 1560 593 1583 sei
609 1562 676 1582 stato
694 1562 784 1590 troppo
803 1560 840 1582 ad
857 1560 959 1582 obedire
977 1559 1004 1582 el
1023 1560 1116 1589 Papa:
1137 1566 1151 1582 e
1171 1560 1212 1582 lui
1228 1567 1265 1583 re-

365 1605 376 1615 “
390 1610 484 1633 spose:
506 1603 530 1625 1⁸0
548 1609 648 1625 conos-co
667 1604 735 1624 certo
755 1601 786 1623 de
804 1609 880 1624 avere
899 1603 987 1626 errato
1006 1609 1077 1624 versu
1096 1609 1145 1624 sua
1157 1602 1263 1628 smmtiz

365 1644 401 1667 “e
428 1653 499 1668 verso
524 1652 572 1668 sua
596 1644 644 1675 sig.
671 1651 739 1667 rana
767 1651 780 1666 e
806 1644 827 1666 si
853 1651 882 1666 ve
907 1651 938 1666 ne
967 1644 1057 1667 chiedo
1089 1644 1264 1673 perdonamu-

365 1687 442 1710 “Poi
470 1687 494 1710 si
524 1685 587 1710 levo
617 1693 649 1710 su
670 1694 684 1709 e
705 1684 780 1709 ando
800 1686 827 1709 al
849 1686 1026 1717 logiamento
1055 1686 1099 1709 del
1126 1686 1197 1709 duca
1208 1703 1232 1717 „.

452 1727 505 1752 Cic>
539 1729 663 1752 secondo
693 1728 713 1751 il
744 1728 870 1751 cronista
901 1728 1049 1759 perugino,
1076 1736 1121 1751 ma
1151 1729 1180 1751 in
1211 1736 1267 1752 una

363 1772 462 1795 lettera
481 1771 524 1795 del
546 1771 700 1795 Cardinale
721 1770 755 1793 da
776 1770 863 1794 I’avia
884 1769 1034 1799 (Giacomo
1061 1764 1265 1795 Ammannati)

363 1814 389 1838 al
410 1814 563 1838 cardinale
583 1813 610 1837 di
627 1813 764 1836 Mantova
779 1812 866 1844 (PAG1
883 1813 1007 1837 Breviar.
1021 1812 1081 1836 Izist.
1098 1813 1171 1836 Rom.
1187 1814 1266 1836 Pont-

361 1857 391 1879 in
418 1857 476 1880 I'ita
494 1856 570 1880 sixti
587 1855 640 1883 IV,
660 1855 721 1879 lett.
743 1863 768 1878 n.
789 1853 853 1886 588)
873 1855 900 1878 la
921 1861 1004 1878 scena
1024 1853 1038 1878 ὲ
1058 1855 1194 1879 descritta
1210 1856 1264 1879 ben

363 1899 578 1923 diversamente.
614 1898 800 1930 Riportiamo
822 1897 842 1920 11
858 1906 955 1929 passo:
973 1896 985 1908 ‘⁴‘
1000 1897 1059 1921 heri
1075 1898 1109 1921 ad
1131 1906 1173 1920 me
1188 1899 1267 1921 vonit

366 1940 378 1952 “
390 1939 490 1963 Bacius
510 1939 652 1972 Ugolinus
666 1941 766 1972 paullo
780 1942 846 1964 ante
859 1941 981 1964 Tiferno
995 1941 1152 1973 profectus,
1168 1941 1268 1964 retulit

366 1980 377 1993 “
390 1982 419 2005 in
441 1981 587 2006 deditione
608 1983 736 2006 civitatis
758 1990 786 2006 sc
805 1983 925 2008 affuisse,
947 1983 1021 2006 nihil
1044 1984 1073 2005 in
1090 1983 1139 2006 illa
1155 1984 1268 2015 turpius

366 2022 517 2055 “potuisse
536 2024 596 2048 fieri
615 2025 742 2049 affirmat.
780 2026 919 2056 Acceptas
940 2025 1015 2056 leges
1035 2033 1050 2048 a
1071 2025 1187 2050 nostris,
1206 2032 1266 2047 non

364 2064 377 2077 “
390 2066 470 2089 datas
488 2068 695 2095 commemorat,
716 2075 773 2090 non
794 2067 948 2090 admissum
970 2067 1103 2098 legatum.
1126 2068 1180 2089 nisi
1203 2068 1265 2097 qui·

367 2107 440 2131 “bus
460 2108 623 2132 custodibus
643 2109 766 2132 Vitellio
787 2109 909 2140 placuit;
938 2109 1048 2140 pedites
1073 2110 1184 2132 tautum
1212 2115 1263 2131 200

366 2148 468 2173 “intus
490 2151 625 2182 receptos,
644 2152 728 2182 atque
748 2151 861 2174 eosdem
882 2158 930 2182 per
949 2150 1027 2173 cives
1048 2150 1214 2181 dispositos,
1235 2146 1268 2173 ut

365 2191 378 2204 “
389 2199 446 2215 non
458 2192 616 2224 praesidere
629 2193 694 2223 ipsi,
707 2193 752 2216 sed
766 2194 794 2215 in
809 2192 907 2216 alieno
919 2200 977 2215 esse
989 2193 1137 2224 praesidio
1152 2193 1269 2216 videan’

367 2234 452 2262 “tur;
473 2235 634 2258 venientem
654 2234 806 2258 Vitellium
826 2235 855 2258 in
884 2236 1065 2267 conspectum
1092 2235 1181 2266 legati
1201 2230 1269 2277 coni

367 2276 512 2300 “tumacis
538 2277 627 2300 adhuc
651 2277 742 2300 animi
768 2279 796 2300 et
823 2278 952 2307 victoris,
969 2277 1066 2308 potius
1086 2284 1168 2307 quam
1190 2277 1252 2300 vict

367 2318 503 2350 “signum
523 2319 647 2343 dedisse:
669 2327 724 2343 non
746 2319 880 2343 cecidisse
902 2320 930 2342 in
950 2327 1050 2351 genua,
1064 2327 1123 2342 non
1137 2320 1259 2351 supplici

366 2362 378 2374 '¹
390 2369 468 2385 usum
484 2363 625 2390 oratione,
642 2369 699 2385 non
716 2362 852 2385 facinoris
866 2362 1076 2391 poenitentiam
1091 2361 1251 2385 ostendisse

367 2403 449 2427 “leni
469 2405 582 2427 tantum
602 2404 765 2427 detectione
777 2403 881 2434 capitis
896 2405 923 2426 et
937 2403 1007 2427 colli
1025 2403 1217 2426 inclinatione
1232 2403 1267 2426 ad

367 2446 512 2477 “speciem
542 2453 599 2469 non
628 2446 764 2469 honorem
793 2446 934 2469 indicasse
962 2445 1002 2469 ibi
1032 2452 1091 2469 esse
1117 2445 1268 2469 Romanae

366 2487 379 2500 ‘¹
389 2487 531 2511 Ecclesiae
551 2487 727 2512 cardinalem
740 2507 761 2519 „.

452 2529 516 2553 Non
531 2528 545 2554 ὲ
559 2529 665 2553 dubbio
676 2530 726 2554 che
740 2530 759 2553 il
772 2530 874 2554 Vitelli
890 2530 1003 2560 quando
1018 2537 1108 2553 venne
1123 2530 1150 2553 al
1166 2537 1268 2560 campo

365 2570 409 2594 del
429 2571 540 2603 Legato
566 2572 642 2595 fosse
670 2573 894 2603 accompagnato
918 2571 964 2594 dal
992 2571 1072 2602 figlio
1099 2570 1265 2595 Giovanni:

367 2612 446 2637 “Sub
466 2613 527 2637 eius
546 2613 599 2637 fide
625 2613 747 2644 (Comitis
777 2612 886 2644 Urbini)
912 2613 1050 2637 Nicolaus
1076 2613 1213 2637 Vitellius
1234 2613 1263 2636 in

368 2656 484 2679 “castra
503 2655 653 2688 perductus
673 2657 715 2680 est
735 2663 799 2680 cum
820 2656 927 2679 maiore
947 2656 1007 2679 filio
1020 2674 1044 2686 „.

455 2695 463 2712 ¹
494 2697 657 2727 LAuRsNffl,
692 2699 762 2722 Hist.
801 2699 847 2722 cit.
879 2705 902 2722 c.
931 2698 979 2729 51t
1033 2697 1124 2721 Anca.
1168 2697 1268 2721 MAGH.

366 2739 469 2763 GRAz.:
505 2739 517 2751 “
537 2747 602 2772 1474
634 2740 684 2764 alli
716 2747 749 2771 29
786 2741 925 2772 (l'agosto.
962 2740 985 2764 Il
1019 2740 1091 2764 duca
1126 2739 1267 2764 d'Urbino

366 2783 481 2805 “venne
500 2782 536 2806 da
556 2782 654 2810 Roma,
673 2783 695 2806 il
715 2783 797 2814 quale
825 2790 872 2806 era
893 2783 1030 2806 mandato
1051 2782 1096 2806 dal
1121 2790 1194 2815 papa
1220 2787 1269 2813 per

366 2823 522 2848 “accordar
542 2823 671 2848 Castello
692 2827 719 2849 et
739 2825 817 2849 levar
837 2825 943 2849 l‘offesa
963 2825 1039 2848 della
1059 2826 1137 2849 detta
1155 2832 1268 2857 guerraw

368 2864 420 2889 “et
441 2866 460 2888 il
482 2864 510 2889 di
532 2868 663 2899 seguente
684 2866 828 2892 s'aecordo
849 2867 926 2891 detto
948 2869 1031 2891 conte
1046 2874 1100 2891 con
1115 2867 1137 2890 li
1152 2866 1260 2890 Castel-

369 2907 460 2931 “lani.
496 2907 549 2931 Era
573 2908 650 2932 detto
670 2911 755 2932 conte
774 2909 980 2940 gonfaloniero
1001 2909 1077 2933 della
1096 2908 1213 2936 Chiesa;
1234 2910 1261 2932 et

368 2948 381 2961 ¹‘
392 2948 533 2973 l’accordo
554 2949 583 2973 fu
604 2949 677 2974 fatto
697 2950 748 2974 che
768 2949 854 2982 segno
868 2952 875 2974 i
891 2950 1011 2982 capitoli
1026 2950 1077 2974 alli
1092 2949 1259 2977 castellani.

368 2990 381 3002 ‘⁴
396 2990 445 3013 che
464 2991 493 3014 in
515 2991 642 3015 Castello
661 2993 820 3016 enti-assero
841 2998 893 3016 220
912 2992 987 3016 fanti
1006 2999 1060 3016 con
1085 2992 1106 3016 il
1121 2999 1260 3024 governa-

1318 1262 1331 1273 “
1346 1265 1414 1291 tore,
1425 1264 1453 1287 et
1472 1264 1617 1287 restituita
1637 1263 1665 1286 la
1684 1261 1756 1287 cittii
1776 1263 1902 1295 intiegra
1916 1262 1951 1286 ed
1964 1262 1986 1285 il
2000 1261 2125 1285 contado
2139 1268 2216 1285 come

1318 1303 1435 1337 “prima
1455 1314 1510 1336 era,
1521 1308 1548 1330 et
1568 1307 1617 1330 che
1638 1307 1659 1330 11
1680 1307 1762 1331 usciti
1786 1313 1843 1329 non
1864 1307 2023 1329 entrassero
2043 1305 2073 1328 in
2089 1303 2216 1328 Castello

1320 1348 1372 1372 “se
1392 1355 1450 1372 non
1471 1348 1586 1380 quando
1608 1349 1751 1372 volevano
1772 1348 1793 1371 li
1815 1347 1998 1376 cittadini‚et
2017 1347 2067 1371 che
2087 1348 2116 1370 in
2137 1346 2216 1370 detta

1321 1388 1414 1415 “cittii
1435 1398 1492 1414 non
1515 1392 1589 1415 fusse
1611 1391 1685 1415 fatta
1705 1398 1794 1418 rocca,
1814 1392 1842 1414 et
1862 1398 1933 1414 anco
1953 1387 2024 1413 cavo
2044 1390 2074 1413 di
2089 1388 2217 1413 castello

1320 1431 1333 1444 “
1348 1441 1450 1457 messer
1469 1433 1588 1457 Niccolo
1609 1433 1711 1457 Vitelli
1731 1433 1753 1457 il
1774 1433 1856 1464 quale
1877 1430 1960 1456 meno
1986 1439 2050 1456 seco
2077 1438 2093 1455 a
2117 1430 2216 1454 Roma.

1319 1475 1331 1488 ‘¹
1342 1475 1366 1499 11
1386 1483 1487 1507 campo
1508 1477 1532 1500 si
1551 1475 1616 1500 levo
1631 1476 1658 1499 la
1672 1477 1795 1500 mat-tina
1810 1477 1938 1499 venente.
1959 1474 2021 1498 Con
2037 1474 2057 1498 il
2073 1473 2218 1498 cardinale

1322 1518 1334 1530 ‘¹'
1345 1520 1373 1541 et
1393 1518 1414 1542 ii
1433 1519 1502 1542 duca
1523 1519 1664 1542 d’Urbino
1685 1519 1795 1542 andaro
1815 1519 1843 1542 al
1864 1525 1946 1550 papa.
1970 1517 2014 1541 col
2034 1515 2117 1548 quale
2136 1513 2218 1548 parlo

1321 1560 1334 1572 “
1347 1561 1424 1586 detto
1445 1569 1548 1594 messer
1568 1559 1672 1585 Nicolo
1693 1563 1721 1584 et
1747 1562 1769 1584 11
1794 1559 1885 1585 νεηᾱὲ
1905 1561 1979 1584 tutte
2005 1560 2031 1583 le
2057 1559 2218 1590 posessioni

1323 1602 1335 1614 ‘¹
1347 1602 1409 1627 cioe
1427 1605 1504 1628 tutto
1524 1604 1553 1628 lo
1573 1603 1683 1634 stabile,
1697 1605 1725 1627 et
1745 1603 1804 1627 fece
1822 1604 1969 1627 contratto
1989 1608 2043 1626 con
2057 1601 2138 1625 detto
2151 1607 2219 1624 mes-

1321 1644 1333 1656 ‘¹
1347 1653 1389 1670 ser
1408 1645 1514 1670 Nicolo
1534 1653 1591 1670 non
1612 1648 1725 1678 potesse
1746 1646 1875 1669 habitare
1894 1651 2030 1677 appresso
2050 1651 2065 1667 a
2092 1641 2219 1668 Castello

1323 1686 1335 1699 ‘¹
1347 1696 1363 1711 a
1383 1688 1512 1719 quindici
1533 1689 1633 1721 miglia
1648 1704 1671 1720 „-

1409 1731 1462 1754 Era
1482 1731 1612 1755 stabilito
1633 1731 1676 1754 nei
1696 1731 1770 1762 patti
1790 1731 1839 1754 che
1853 1730 1875 1753 il
1888 1729 1993 1753 Vitelli
2008 1728 2122 1753 sax-ebbe
2134 1727 2219 1751 ritor-

1323 1774 1391 1796 nato
1412 1779 1428 1796 a
1448 1772 1526 1796 Citt‘a
1546 1772 1573 1796 di
1596 1772 1723 1797 Castello
1744 1773 1821 1804 dopo
1842 1779 1907 1796 aver
1927 1771 2002 1795 fatto
2023 1771 2051 1794 la
2065 1777 2114 1794 sua
2130 1770 2220 1793 sotto-

1322 1815 1467 1843 missione,
1486 1815 1585 1839 invece
1604 1817 1703 1846 questo
1724 1815 1852 1847 capitolo
1873 1821 1931 1838 non
1947 1814 1977 1837 su
1993 1813 2159 1837 mantenuto
2174 1810 2221 1835 dal

1322 1857 1460 1888 pontefice
1490 1857 1534 1887 (Υ.
1561 1858 1744 1885 APPEchn,
1771 1865 1796 1880 n.
1823 1856 1857 1885 ΙΙ,
1886 1856 2000 1880 Lettera
2027 1855 2070 1879 del
2096 1851 2220 1884 Tiberti)

1321 1899 1398 1922 forse
1418 1899 1449 1922 in
1470 1900 1581 1931 seguito
1601 1900 1627 1923 al
1649 1900 1768 1931 superbo
1789 1901 1932 1930 contegno
1959 1898 2003 1922 del
2029 1897 2140 1921 Vitelli.
2175 1895 2221 1919 Da

1323 1949 1377 1964 una
1397 1941 1497 1964 lettera
1517 1941 1561 1965 del
1580 1941 1718 1965 Minutoli
1739 1941 1767 1965 al
1787 1940 1941 1965 Cardinale
1966 1940 2002 1964 da
2021 1939 2111 1963 Pavia
2129 1937 2218 1969 (1474,

1323 1985 1386 2006 sett.
1408 1984 1432 2012 1)
1454 1983 1479 2005 le
1499 1984 1667 2007 condizioni
1691 1983 1718 2006 (11
1746 1990 1814 2015 pace
1828 1983 1970 2006 risultano
1994 1982 2104 2013 queste:
2125 1977 2220 2004 “civi-

1324 2027 1335 2035 “
1349 2026 1433 2047 tatem
1454 2025 1559 2048 liberae
1573 2025 1765 2056 dispositioni
1778 2024 1924 2056 pontificis
1938 2023 2062 2054 relinqui
2077 2022 2219 2055 plaeniori

1325 2066 1478 2090 “dominio
1503 2074 1585 2097 quam
1612 2075 1734 2098 unquam
1756 2067 1811 2090 fuit
1832 2069 1958 2098 tempore
1983 2065 2104 2089 alicuius
2124 2063 2219 2096 ponti-

1324 2111 1335 2121 “
1350 2109 1425 2133 ficis:
1446 2111 1582 2134 Nicolaus
1606 2110 1739 2134 Vitellius
1761 2112 1789 2134 et
1807 2110 1867 2134 eius
1886 2110 1962 2133 bona
1981 2107 2164 2138 omniumque
2183 2106 2221 2130 ci-

1325 2149 1338 2163 ¹‘
1350 2152 1436 2179 vium,
1450 2154 1477 2175 et
1490 2159 1627 2184 personae
1641 2160 1766 2180 securus;
1787 2153 1826 2176 sit
1846 2159 1911 2183 ager
1931 2151 2024 2175 omnis
2045 2150 2217 2180 restitutus„

1323 2192 1470 2225 (Arrmm,
1489 2197 1527 2225 op.
1547 2195 1600 2224 cit„
1622 2203 1647 2226 p.
1669 2193 1722 2227 76).

1412 2235 1423 2251 2
1442 2237 1488 2260 Ad
1508 2238 1659 2262 Nicolaum
1673 2238 1824 2262 Vitellium
1844 2236 1923 2261 misit
1943 2236 2118 2268 epigramma
2137 2241 2219 2258 suum

1324 2277 1464 2302 Robertus
1484 2279 1579 2308 Ursus,
1600 2279 1680 2302 cuius
1700 2279 1816 2303 initium
1837 2279 1890 2302 est:

1434 2320 1520 2343 Visere
1538 2324 1562 2344 te
1579 2321 1682 2349 saltem,
1703 2321 1811 2344 zVicolae
1837 2320 1939 2347 Vitelle,
1955 2319 2073 2350 petebam

1463 2363 1544 2393 Saepe
1564 2371 1658 2390 unum,
1678 2364 1708 2386 id
1717 2362 1821 2392 fateor,
1840 2362 1992 2386 sollicitasse
2011 2361 2106 2384 Iovem.

1427 2405 1523 2427 Audiit
1541 2408 1658 2428 orantem
1677 2406 1782 2432 totiens,
1801 2405 1928 2434 licuitque
1946 2404 2047 2430 videre,

1462 2446 1499 2469 Et
1516 2450 1553 2469 est
1571 2447 1707 2477 amplexus
1727 2449 1819 2470 mutua
1838 2447 1915 2469 verba
1934 2445 2016 2475 loqui.

1427 2488 1481 2511 N'ec
1499 2489 1563 2511 satis
1581 2489 1610 2511 in
1625 2489 1745 2520 patriam
1764 2490 1825 2515 tete,
1845 2488 2003 2517 reducesque
2020 2486 2122 2509 sodales

1462 2530 1572 2552 Paratus
1590 2533 1639 2554 toto
1655 2533 1759 2560 pectore
1775 2532 1849 2560 posco
1867 2529 1942 2552 Deos.

1411 2571 1539 2595 Alterius
1552 2571 1730 2596 Stroctianae
1740 2571 1934 2595 Bibliothecae
1944 2569 2157 2602 epigrammatiS
2170 2570 2217 2594 hic

1324 2613 1387 2637 finis
1407 2616 1463 2637 est:

1427 2655 1561 2687 Impulsus
1577 2657 1682 2688 patriae
1702 2656 1829 2680 1V1'colaus
1847 2663 1933 2679 amore
1958 2655 2068 2679 Vitellus

1467 2697 1579 2721 Consilio
1597 2698 1697 2721 struxit
1715 2701 1752 2722 tot
1769 2699 1936 2721 monumenta
1953 2705 2008 2721 suo.

1433 2740 1516 2763 Corda
1538 2740 1729 2770 D'phernatum
1748 2740 1824 2763 dictis
1840 2740 2022 2771 placidissima
2041 2738 2136 2762 mulcet

1462 2781 1663 2811 Magnanimus.
1682 2780 1784 2808 sollers,
1802 2781 1953 2811 ingeniosus
1970 2788 2068 2811 eques.-

1433 2823 1517 2852 Quam
1536 2824 1597 2845 bene
1616 2823 1738 2846 concordi
1754 2823 1862 2846 Patriae
1881 2823 1962 2846 Pater
1980 2823 2042 2846 urbe
2061 2825 2181 2850 vocatur,

1457 2866 1512 2888 Par
1530 2867 1588 2888 erat
1605 2865 1675 2888 hunc
1694 2865 1796 2888 meritis
1815 2872 1906 2888 nomen
1926 2864 2019 2887 habere
2038 2865 2104 2889 suis,

1404 2907 1588 2930 memscus
1608 2906 1752 2930 Icmrms
1773 2906 1922 2930 LAZARIUS
1936 2907 1966 2930 in
1987 2906 2061 2929 Serie
2086 2907 2215 2938 episcopo-

1315 2957 1374 2972 rum
1396 2949 1528 2980 Tipha-ni
1546 2949 1622 2979 haec,
1638 2956 1663 2980 p.
1680 2947 1737 2980 158,
1758 2949 1808 2972 sub
1829 2948 1875 2972 die
1896 2955 1928 2980 29
1941 2948 2065 2980 augusti.
2101 2947 2216 2972 Entrato

1313 2991 1384 3015 nella
1403 2991 1467 3015 citrei
1486 2991 1509 3013 il
1537 2991 1603 3014 duca
1622 2991 1652 3013 di
1676 2990 1786 3018 Urbim,
1805 2990 1939 3014 conchiuse
1958 2990 1984 3014 la
1998 2993 2074 3021 pace,
2095 2997 2108 3014 e
2127 2989 2209 3014 levato

453 3105 470 3130 l.
490 3113 506 3136 4
524 3112 639 3129 suorum
666 3107 695 3136 T,
715 3114 736 3130 c.
759 3113 817 3139 717.
838 3120 869 3124 —
888 3106 905 3131 1.
925 3113 940 3141 7
960 3108 1026 3138 post
1045 3106 1169 3131 reditum
1188 3107 1221 3136 A,
1242 3114 1269 3139 p.
1289 3105 1330 3137 85.
1352 3119 1384 3123 -
1406 3106 1424 3130 1.
1448 3113 1476 3129 11
1497 3106 1654 3130 Discessus
1672 3105 1706 3134 A,
1726 3112 1749 3130 c.
1769 3104 1828 3137 718.

2234 903 2274 935 10

2245 1348 2323 1385 457

2247 1562 2282 1589 50

2250 1772 2280 1800 55

2247 1979 2283 2004 60

2246 2188 2279 2220 65

2247 2407 2281 2434 70

2245 2615 2277 2643 75

2243 2821 2279 2846 80
