2388 3439
112 711 256 736 Eruptiones.

113 1030 247 1052 Obsidentes
258 1030 330 1050 mesti.

117 1911 281 1931 Concursus
306 1911 327 1929 in

143 1937 219 1956 duello
248 1937 329 1956 Hiero-

144 1964 204 1993 nymi
216 1966 237 1983 et
249 1964 327 1984 Corni—

143 1996 182 2010 cis.

125 2560 203 2580 Pluvia
211 2561 335 2585 repentina.

128 2827 213 2847 Cornix
227 2827 306 2846 victor.

349 203 393 238 16
1073 197 1305 235 ROBERTI
1333 197 1452 234 URSI

343 325 603 368 quercubusque
629 324 886 364 circumseptus,
903 322 982 354 divo
1000 322 1136 364 Angelo
1161 331 1259 353 sacer
1276 327 1336 352 est.
1368 321 1408 352 In
1433 321 1523 352 hunc
1547 321 1657 362 ipsum
1682 332 1800 353 manus
1823 322 1980 354 iniiciunt
1995 323 2192 366 sacrilegas,

342 386 479 421 totoque
497 390 634 410 nemore
651 378 814 409 radicitus
828 377 953 412 exciso,
967 376 1043 407 altis
1060 375 1161 407 fossis
1178 375 1301 407 collem
1318 374 1549 406 circumdant.'
1598 374 1678 412 Qui,
1695 375 1849 417 quamvis
1865 381 1985 407 natura
2001 376 2067 408 loci
2084 377 2192 408 muni-

342 433 488 465 tissimus
512 438 610 469 esset,
628 431 717 462 vallo
735 431 835 462 etiam
849 430 1010 462 altissimo
1028 430 1179 471 cingunt.
1226 428 1289 459 His
1306 429 1447 465 statutis
1464 440 1484 459 a
1500 429 1765 460 frumentatione
1782 429 1984 471 reliquoque
2001 436 2193 461 commeatu

344 485 534 527 oppidanos
550 484 741 526 prohibent,
758 490 993 525 tormentaque
1011 483 1109 524 plura
1126 492 1194 513 non
1218 482 1290 513 sine
1315 482 1460 513 maxima
1477 482 1675 514 difficultate
1700 488 1734 514 et
1757 488 1892 524 sumptu
1907 482 1989 514 illuc
2006 482 2192 519 advehunt,

344 539 466 581 quibus
490 538 760 570 commodissime
784 537 903 568 urbem
934 542 1049 573 totam,
1080 542 1252 577 tamquam
1281 536 1457 567 tormentis
1481 536 1654 578 ruinisque
1687 536 1885 577 expositam,
1917 547 2023 578 usque
2055 547 2191 579 quaque

348 593 502 635 fatigent.
548 591 619 623 Sed
642 592 731 623 inter
762 597 811 623 tot
841 590 1060 622 fulminantes
1092 589 1179 630 pilas
1204 599 1304 620 nemo
1336 599 1484 630 unquam
1517 588 1643 621 nedum
1674 590 1709 620 in
1740 589 1825 621 urbe
1850 600 1947 634 cesus
1972 595 2032 627 est,
2057 589 2118 621 sed
2149 600 2192 621 ne

347 656 527 687 percussus
551 644 689 687 quidem
713 645 888 681 hactenus,
909 643 1001 685 quod
1025 643 1114 675 inter
1138 642 1237 673 huius
1261 641 1341 674 belli
1359 641 1593 673 memorabilia
1617 643 1802 684 repositum
1828 649 1888 674 est.
1934 642 2193 684 Oppidanorum

349 705 468 731 contra
491 699 622 730 animus
646 709 780 739 semper
803 698 949 729 invictus
980 696 1160 737 audaxque
1186 696 1294 738 magis
1325 706 1366 727 ac
1390 695 1498 738 magis
1534 696 1668 733 exarsit,
1700 696 1832 739 magnis
1856 695 2123 733 excursionibus,
2153 706 2195 727 ac

345 753 472 783 maiore
496 753 531 783 in
555 751 628 784 dies
652 751 813 788 sollertia,
836 750 1008 782 interdum
1032 750 1208 791 superiora
1226 755 1347 785 castra,
1364 749 1534 780 interdum
1559 749 1733 786 inferiora,
1747 749 1912 781 invadunt
1928 749 2194 791 predanturque.

346 805 563 847 Quandoque
587 805 754 837 incautius
778 804 1009 836 discurrentes
1034 814 1053 834 a
1079 802 1310 844 superioribus
1328 803 1447 834 castris
1471 802 1515 834 ad
1541 803 1715 839 inferiora,
1741 809 1775 835 et
1798 809 1940 846 agentes
1964 803 2117 844 predam,
2133 813 2196 844 per

345 859 485 891 insidias
508 859 739 900 intercipiunt,
763 864 842 890 ante
868 858 1013 889 hostium
1049 857 1167 888 oculos
1198 867 1263 888 nec
1295 855 1558 897 prohibentium,
1591 863 1732 898 propter
1763 856 2011 898 oppidanorum
2044 856 2195 888 celerem

346 913 434 944 intra
458 912 661 943 munitiones
686 910 915 952 suburbiaque
941 916 1136 951 receptum;
1154 920 1239 951 quos
1263 909 1428 956 Nicolaus
1453 909 1602 941 Vitellus
1628 910 1753 941 nedum
1777 910 1865 941 intra
1889 910 2012 947 menia,
2044 909 2106 942 sed
2130 919 2196 941 nec

345 967 433 997 intra
457 975 602 1008 aggeres
626 964 763 1007 quidem
796 963 1002 997 continebat.
1027 975 1070 995 ne
1095 963 1272 994 absentem
1304 963 1433 994 timoris
1458 963 1652 1004 opinionem
1678 963 1798 1005 quovis
1825 969 1927 1005 pacto
1958 962 2051 1005 apud
2082 963 2197 995 hostes

350 1019 608 1060 imprimeretur.
655 1018 706 1049 Ex
731 1018 782 1049 his
807 1017 1022 1049 successibus
1046 1017 1258 1048 inimicorum
1284 1016 1385 1048 animi
1403 1017 1553 1059 graviter
1577 1016 1836 1054 afflictabantur,
1860 1016 1940 1049 ideo
1960 1027 2028 1048 non
2045 1017 2195 1049 contenti

349 1072 471 1104 mutuis
495 1072 621 1113 preliis.
646 1071 768 1114 quibus
793 1072 881 1103 inter
906 1082 941 1102 se
967 1070 1226 1107 contenderant,
1251 1081 1327 1102 cum
1354 1070 1442 1101 omni
1469 1070 1621 1112 equitatu
1645 1070 1804 1113 infraque
1829 1081 1998 1112 supraque
2018 1076 2196 1114 vagantur,

349 1132 406 1158 aut
429 1126 511 1158 situs
535 1125 747 1167 speculandi,
771 1131 829 1157 aut
853 1125 968 1166 populi
994 1123 1171 1156 territandi
1199 1134 1312 1155 causa.

565 1245 779 1278 SINGULARE
801 1254 999 1277 CERTABOEN
1023 1254 1134 1276 INTER
1157 1244 1411 1277 Hmnomnm
1442 1244 1679 1276 IMMOLENSEM
1702 1254 1748 1276 ET
1771 1244 1974 1277 CORNICEM.

438 1326 595 1359 Tandem
621 1337 662 1358 eo
687 1326 871 1359 deventum
897 1332 957 1363 est,
981 1332 1018 1358 ut
1042 1337 1104 1367 per
1128 1325 1392 1358 caduceatorem
1417 1331 1607 1367 provocent
1631 1337 1673 1357 ex
1697 1324 1887 1367 oppidanis'
1911 1325 2116 1367 quempiam,
2140 1325 2198 1368 qui

346 1380 480 1417 viritim,
505 1391 581 1412 cum
605 1380 712 1412 altero
746 1391 787 1411 ex
818 1380 885 1411 suis
916 1380 1196 1421 prestantissimo‚
1228 1379 1354 1412 audeat
1384 1379 1436 1411 bis
1468 1379 1606 1411 ferratis
1637 1379 1742 1411 hastis
1775 1390 1992 1411 concurrere.
2038 1378 2197 1420 Accepta

348 1433 561 1471 condicione,
585 1433 709 1466 adsunt
732 1434 767 1465 in
790 1434 875 1466 urbe
900 1434 1120 1476 quamplures
1145 1440 1273 1466 certam
1298 1434 1573 1475 repromittentes
1598 1433 1786 1470 victoriam,
1819 1444 1859 1465 ea
1891 1438 2031 1474 propter
2063 1431 2200 1463 summis

347 1486 506 1527 precibus
530 1487 695 1528 primores
719 1487 812 1519 urbis
836 1498 954 1519 omnes
977 1487 1148 1520 ambiunt:
1173 1499 1193 1519 a
1210 1487 1342 1529 quibus,
1367 1493 1546 1529 postquam
1570 1487 1650 1518 iussi
1675 1493 1753 1518 sunt
1769 1486 1813 1518 de
1837 1486 2056 1518 contentione
2077 1485 2199 1521 sortiri,

345 1541 517 1572 contentio
542 1541 631 1572 enim
655 1542 801 1572 maxima
827 1547 909 1575 erat.
934 1540 1061 1573 Cornix
1085 1541 1253 1582 Appulus,
1279 1552 1383 1583 eques
1409 1547 1576 1576 strenuus,
1593 1547 1683 1573 sorte
1701 1540 1800 1573 datus
1817 1546 1877 1577 est,
1895 1540 1953 1582 qui
1970 1549 2033 1580 pro
2049 1538 2198 1580 Tipher-

347 1592 481 1624 natibus
505 1600 735 1626 concurreret.
783 1594 882 1626 Dicta
900 1601 951 1626 est
967 1594 1040 1626 dies
1057 1594 1102 1626 ad
1119 1595 1273 1636 quintum
1289 1594 1457 1626 kalendas
1474 1594 1618 1637 augusti.
1665 1594 1790 1626 Hostes
1807 1604 1884 1625 cum
1901 1592 2014 1636 magni
2032 1592 2199 1628 facerent,

350 1656 417 1688 quo
441 1647 475 1677 in
500 1647 575 1678 loco
600 1647 800 1679 certandum
826 1648 925 1681 foret.
950 1648 1115 1680 Nicolaus
1139 1648 1298 1685 Vitelliis,
1315 1647 1371 1679 ubi
1390 1647 1572 1680 Cornicem
1598 1648 1690 1680 exire
1714 1647 1810 1679 iubet
1832 1652 1965 1688 portam
1981 1646 2017 1678 in
2040 1644 2200 1677 meridio-

355 1699 450 1730 nales
475 1699 593 1742 plagas
618 1707 840 1741 spectantem,
865 1701 1004 1733 mandat
1021 1713 1096 1733 eum
1121 1712 1235 1744 pugne
1252 1701 1365 1733 locum
1383 1701 1543 1738 futurum,
1560 1712 1661 1743 quem
1686 1701 1819 1744 legatus
1842 1700 1916 1741 ipse
1933 1698 2078 1730 iusserit.
2124 1697 2199 1742 ch

353 1752 457 1784 hostis
481 1752 666 1784 liberalitas
690 1754 724 1785 in
749 1754 845 1785 hoste.
878 1755 1037 1795 reposita,
1062 1744 1326 1787 hostibus‘adeo
1351 1754 1489 1796 placuit,
1514 1761 1551 1786 ut
1573 1754 1710 1786 Nicolai
1734 1753 1853 1786 Vitelli
1879 1763 2003 1784 nomen
2026 1751 2200 1793 virtusque

347 1806 484 1848 magnis
508 1806 665 1837 laudibus
689 1807 920 1839 extolleretur.
966 1807 1154 1851 Designato
1171 1808 1247 1840 loco
1265 1814 1298 1840 et
1323 1808 1427 1840 hastis
1451 1808 1616 1849 aequatis,
1641 1809 1776 1839 stabant
1791 1807 1827 1838 in
1843 1806 1984 1848 planitie
2002 1803 2198 1837 circoms-usi

353 1858 476 1889 hostes.
522 1858 695 1900 Oppidani
720 1866 832 1891 autem
857 1871 919 1902 pro
943 1861 1057 1895 muris.
1082 1872 1143 1902 pro
1168 1872 1307 1904 aggere.
1332 1861 1439 1893 oculis
1465 1872 1505 1892 ac
1530 1860 1700 1892 mentibus
1724 1859 1769 1892 ad
1794 1858 2019 1901 spectandum
2049 1857 2199 1893 intentis,

353 1911 555 1943 effusissime
581 1920 824 1945 convenerunt.
871 1913 958 1945 Dato
983 1915 1091 1957 signo,
1116 1915 1345 1957 Hieronymus
1369 1915 1580 1946 Immolensis
1606 1920 1640 1946 et
1663 1913 1800 1950 Cornix,
1824 1912 1964 1954 paribus
1988 1911 2092 1943 hastis
2121 1920 2202 1942 con-

2223 802 2261 833 10

2224 1069 2261 1102 15

2224 1431 2266 1462 20

2224 1695 2265 1728 25

352 1971 507 1996 currunt:
524 1964 652 1996 Cornix
667 1965 913 2009 Hieronymum
931 1966 1050 1999 dextro
1075 1968 1110 1999 in
1134 1967 1275 1999 brachio
1300 1968 1465 2001 vulnerat.
1484 1968 1613 1999 hastam
1631 1967 1769 2009 frangit,
1786 1966 1881 2010 haste
1898 1972 2038 1997 truncus
2054 1962 2196 1995 brachio
2221 1963 2264 1994 30

353 2018 497 2063 inheret,
523 2018 744 2061 omnibusque
770 2020 1002 2061 spectantibus
1027 2032 1069 2052 ex
1097 2021 1237 2052 vulnere
1255 2021 1393 2064 sanguis
1418 2027 1562 2055 emanat.
1589 2027 1622 2053 et
1646 2022 1690 2052 ob
1706 2020 1743 2052 id
1759 2030 1902 2063 magnus
1926 2018 2032 2050 robur
2049 2016 2202 2049 hostibus

353 2071 524 2103 incutitur.
571 2071 707 2104 Partam
731 2073 797 2104 iam
821 2072 958 2105 Cornici
985 2085 1058 2105 esse
1083 2075 1259 2106 victoriam
1285 2074 1447 2106 omnium'
1472 2074 1599 2106 iudicio
1624 2073 1866 2109 conclamatur,
1883 2082 1948 2104 nec
1965 2072 2058 2103 iuxta
2084 2069 2202 2111 militie

355 2124 569 2166 disciplinam
593 2125 641 2156 illi
658 2126 799 2157 ulterius
816 2127 1089 2159 concurrendum
1106 2128 1187 2164 fuit3
1220 2128 1355 2159 hortatu
1379 2134 1493 2159 tamen
1517 2138 1697 2169 procerum
1722 2126 1849 2158 Cornix
1873 2126 1939 2157 iam
1956 2125 2066 2156 victor
2084 2133 2202 2154 rursus

356 2188 561 2209 concurrere
593 2188 661 2210 non
692 2178 818 2211 abnuit.
865 2179 990 2212 Iterato
1022 2181 1125 2223 igitur
1157 2191 1375 2215 concurrens,
1400 2187 1503 2222 caput
1530 2180 1731 2223 Hieronymi
1757 2180 1854 2211 hasta
1881 2178 2039 2220 percutit,
2071 2177 2202 2208 hastam

357 2231 501 2274 frangit;
527 2232 637 2263 fracta
663 2232 763 2264 etiam
787 2233 822 2264 in
846 2233 954 2265 frusta
978 2234 1154 2266 volitantia
1179 2234 1391 2271 discinditur,
1417 2245 1484 2276 quo
1508 2234 1591 2266 nihil
1616 2234 1724 2265 maius
1748 2232 1935 2265 secundum
1960 2231 2123 2262 militares
2152 2229 2203 2260 in-

357 2285 556 2316 stitutiones.
603 2285 831 2328 Hieronymus
862 2293 985 2323 autem.
1011 2288 1172 2319 frustrato
1197 2288 1276 2321 ictu.
1301 2287 1483 2319 Cornicem
1515 2287 1627 2330 tetigit
1658 2297 1834 2328 nusquam,
1866 2285 1992 2317 nedum
2023 2282 2201 2325 percussit,

357 2337 482 2369 nedum
507 2338 705 2370 transfodit:
731 2340 895 2382 sanguine
919 2351 1001 2372 vero
1027 2352 1068 2372 ex
1092 2341 1232 2372 vulnere
1265 2341 1364 2372 latius
1388 2347 1557 2377 manante,
1574 2341 1646 2382 ipse
1678 2351 1786 2381 usque
1811 2338 1899 2371 adeo
1927 2337 2135 2373 debilitatur,
2166 2341 2202 2366 ut

358 2391 460 2433 longo
477 2391 577 2422 etiam
595 2391 773 2423 intervallo
791 2399 983 2424 currentem
1002 2393 1124 2435 equum
1138 2394 1193 2424 vix
1206 2394 1384 2425 reflectere
1398 2400 1529 2435 posset:
1546 2393 1634 2425 adeo
1648 2392 1776 2424 viribus
1792 2398 1894 2434 atque
1911 2391 2023 2422 animo
2041 2387 2202 2421 concidit.

356 2443 562 2475 Instantibus
586 2444 699 2476 adhuc
724 2445 934 2486 principibus
959 2447 1139 2483 nonnullis,
1164 2447 1220 2488 qui
1246 2447 1281 2478 in
1305 2447 1449 2478 hostium
1475 2446 1594 2478 castris
1617 2446 1771 2482 aderant,
1796 2451 1833 2477 ut
1868 2445 1990 2476 iterum
2021 2452 2204 2475 concurre-

357 2502 459 2533 retur,
485 2503 727 2539 promptusque
752 2504 841 2530 esset
864 2497 991 2530 Cornix
1022 2500 1090 2531 leto
1122 2500 1233 2531 animo
1265 2500 1351 2531 votis
1382 2500 1530 2531 omnium
1561 2510 1689 2530 morem
1720 2509 1853 2541 gerere,
1885 2507 2006 2529 sereno
2037 2495 2141 2537 prius,
2169 2500 2203 2526 et

360 2550 542 2592 tranquillo
567 2551 653 2587 celo,
677 2558 819 2592 repente
844 2558 911 2583 tarn
935 2553 1075 2595 grandis
1099 2553 1358 2595 insperatusque
1383 2564 1404 2584 a
1428 2553 1620 2584 vehementi
1646 2552 1799 2593 procella
1831 2561 1992 2583 excussus
2023 2554 2074 2580 est
2094 2547 2203 2579 imber

359 2603 587 2641 densissimus,
604 2610 640 2635 ut
656 2615 720 2636 nec
737 2604 861 2647 legato,
886 2616 950 2637 nec
975 2606 1115 2648 reliquis
1132 2607 1296 2651 prefectis
1314 2612 1347 2638 et
1363 2606 1517 2641 ducibus,
1543 2606 1643 2637 etiarn
1661 2605 1745 2636 laxis
1769 2604 1912 2636 habenis
1929 2600 2201 2645 properantibus,

360 2663 567 2698 prestaretur
591 2657 736 2689 facultas
760 2658 795 2689 in
819 2659 971 2699 proxima
996 2666 1106 2691 castra
1138 2659 1317 2693 redeundi.
1348 2660 1430 2701 quin
1457 2659 1502 2691 ad
1533 2659 1682 2691 tunicam
1714 2669 1820 2700 usque
1845 2657 2041 2689 interiorem
2072 2653 2200 2686 madidi

360 2709 596 2747 redderentur,
620 2716 734 2755 preter
757 2711 915 2743 ruborem
941 2723 982 2743 ex
1005 2712 1216 2755 Hieronymo
1240 2719 1398 2753 superato
1422 2712 1595 2749 iniectum,
1621 2722 1688 2753 quo
1713 2711 1797 2743 nihil
1822 2710 1935 2753 egrius
1952 2708 2121 2740 ferebant.
2151 2706 2202 2738 Ita

361 2763 531 2805 singulare
549 2769 723 2795 certamen
747 2775 789 2795 ex
812 2762 1055 2805 provocatione
1072 2765 1296 2802 commissum,
1324 2765 1498 2806 inopinato
1515 2764 1634 2801 imbre,
1662 2771 1833 2806 tamquam
1859 2762 1924 2794 diis
1951 2759 2203 2796 arbitrantibus,

364 2826 441 2847 mox
457 2816 633 2848 dirimitur.
680 2816 766 2849 Lata
783 2818 931 2849 omnium
957 2818 1161 2850 clamoribus
1185 2818 1361 2850 sen'tentia
1378 2817 1559 2849 Cornicem
1578 2818 1724 2849 evasisse
1741 2817 1916 2853 victorem,
1940 2821 1977 2846 ut
1992 2815 2110 2851 victor,
2127 2823 2204 2857 prg-

362 2868 562 2900 cedentibus
586 2869 801 2907 tubicinibus,
826 2870 870 2902 ad
898 2870 1095 2912 oppi'danos
1119 2871 1457 2903 honorificentissime
1482 2870 1580 2903 redit.
1627 2871 1852 2902 Remeantem
1869 2868 2033 2900 Nicolaus
2057 2866 2203 2899 Vitellus

362 2922 503 2953 comiter
527 2922 711 2963 excipiens,
743 2933 804 2963 pro
835 2923 990 2955 merfibus
1021 2924 1146 2961 laudat,
1171 2924 1346 2956 dexteram
1379 2923 1519 2968 dextere
1555 2924 1673 2966 iungit,
1698 2923 1788 2955 bono
1815 2922 1928 2953 animo
1965 2931 2039 2952 esse
2071 2918 2202 2955 suadet,

363 2985 467 3017 seque
492 2975 564 3006 eius
589 2975 682 3012 facti,
707 2986 771 3007 nec
794 2976 830 3007 in
853 2987 993 3020 presens
1017 2988 1081 3009 nec
1106 2978 1140 3009 in
1164 2983 1346 3019 posterum,
1367 2977 1598 3008 immemorem
1623 2976 1697 3008 fore
1723 2975 1913 3017 pollicetur.
1959 2972 2060 3005 Licet
2089 2978 2201 3004 autem

444 3098 462 3122 1.
483 3104 496 3121 2
518 3096 577 3126 Qui
596 3098 629 3127 A,
649 3106 675 3131 p.
695 3105 737 3130 40.
758 3111 790 3116 —-
811 3099 828 3123 l.
853 3098 891 3123 18.
912 3099 1038 3123 Tandem
1056 3099 1088 3126 A,
1108 3106 1134 3131 p.
1154 3105 1197 3130 41.
1218 3111 1250 3116 —
1271 3099 1289 3123 1.
1313 3097 1342 3122 18
1362 3098 1522 3131 quempiam
1549 3099 1578 3129 T,
1599 3105 1622 3122 e.
1641 3097 1702 3130 691.
1723 3111 1755 3116 —
1776 3097 1794 3122 1.
1814 3103 1847 3130 32
1869 3095 1977 3121 iudicio
1996 3096 2030 3126 A,
2057 3103 2084 3128 p.
2105 3101 2148 3127 42.
2168 3108 2201 3113 —

365 3142 383 3168 1.
403 3142 436 3175 46
454 3143 558 3167 -tentia
583 3143 612 3172 T,
632 3150 654 3167 c.
673 3141 734 3175 692.
754 3156 786 3160 —
806 3143 825 3167 1.
844 3149 877 3176 47
898 3143 998 3167 -danos
1018 3143 1051 3174 A,
1072 3150 1099 3176 p.
1118 3149 1159 3177 43.

2227 2227 2267 2260 35

2227 2494 2268 2524 40

2228 2758 2268 2790 45
