2388 3439
357 215 406 250 36
1085 212 1315 248 ROBERTI
1344 212 1463 248 URSI

764 620 978 652 ROBERTI
1003 619 1115 651 URSI
1141 618 1455 651 ARIMINENSIS
1480 618 1794 650 EPIGRAMMA'

1063 706 1112 728 AD
1128 696 1341 728 CAMPANUM
1358 705 1496 727 VATEM.

709 822 804 854 Urbe
830 822 1080 864 Tiphernatum
1105 820 1197 863 quod
1223 832 1286 854 me,
1312 820 1498 862 Campane,
1523 820 1687 862 relinquis

795 875 998 911 Obsessum,
1023 881 1109 906 totas
1134 875 1245 906 Marte
1271 880 1408 905 tenente
1435 872 1534 904 vias?

707 928 865 961 Scribam
890 940 971 972 ego:
998 928 1042 959 ab
1065 928 1202 959 immani
1229 939 1297 959 non
1322 928 1384 973 hec
1410 926 1667 968 prohibebimur
1692 927 1805 963 hoste:

797 982 952 1014 Pierides
978 988 1152 1024 nequeunt
1176 981 1354 1013 obsidione
1380 981 1498 1022 premi.

710 1037 816 1081 Heret
841 1047 919 1078 pars
943 1036 1054 1081 anime
1078 1035 1226 1071 domino,
1252 1045 1331 1076 pars
1354 1035 1462 1066 altera
1487 1034 1590 1065 muris

797 1089 992 1126 Clauditur3
1017 1095 1052 1121 at
1075 1100 1137 1130 per
1161 1095 1193 1120 te
1220 1088 1327 1120 libera
1353 1099 1488 1129 semper
1513 1088 1586 1120 erit.

710 1143 827 1175 Pande
852 1143 1102 1184 Tiphernatum
1126 1141 1234 1185 Syxto
1259 1141 1443 1173 benefacta
1467 1147 1599 1173 tuorum

799 1197 974 1232 Pontifici:
1000 1195 1174 1228 indubiam
1200 1195 1313 1237 pande
1339 1196 1465 1227 diserte
1491 1195 1603 1227 fidem.

712 1251 785 1283 Hec
810 1249 870 1282 tibi
896 1260 1025 1280 summa
1051 1248 1180 1281 brevis:
1206 1249 1335 1280 referet
1360 1259 1419 1279 sua
1444 1248 1571 1279 lumina
1596 1247 1726 1279 Pastor:

797 1303 919 1335 Martis
944 1309 977 1334 et
1001 1302 1139 1334 obsessa
1163 1302 1270 1343 pellat
1293 1301 1337 1333 ab
1362 1301 1445 1333 urbe
1470 1302 1588 1332 minas.

709 1357 822 1399 Saepe
848 1357 937 1398 parit
960 1355 1116 1388 rabidum
1141 1356 1305 1397 patientia
1330 1355 1400 1397 lesa
1425 1355 1595 1391 furorem3

799 1410 910 1442 Solvit
933 1410 1082 1454 amicitie
1108 1409 1251 1441 foedera
1276 1409 1378 1452 longa
1403 1409 1508 1440 furor.

711 1464 747 1496 Si
773 1464 907 1496 flexisse
932 1463 1048 1495 Iovem
1073 1469 1232 1505 nequeat,
1264 1462 1409 1494 Plutona
1437 1461 1587 1493 movebit

799 1517 981 1553 Tartaron,
1014 1523 1047 1548 et
1071 1517 1200 1560 stygias
1225 1515 1431 1548 sollicitabat
1455 1526 1572 1557 aquas.

712 1571 811 1614 Equa
834 1570 894 1602 tibi
921 1576 955 1602 et
979 1570 1091 1602 facilis
1116 1570 1285 1611 provintia
1310 1569 1463 1601 creditur
1489 1569 1563 1603 uni:

800 1625 873 1656 Res
899 1625 990 1656 ferre
1016 1630 1066 1655 est
1090 1624 1222 1655 miseris
1246 1623 1341 1666 regia
1366 1622 1468 1654 rebus
1492 1634 1603 1664 opem.

1042 1739 1143 1771 LAUs
1168 1749 1416 1771 OMNIPOTENTI
1442 1739 1538 1770 DEO.¹

446 1898 451 1914 ¹
477 1899 587 1927 Questo
607 1901 780 1931 epigramma
803 1906 859 1922 non
880 1900 964 1922 esiste
986 1898 1125 1922 nell’ediz.
1147 1900 1259 1921 murat-1
1315 1896 1329 1920 ‘c
1345 1895 1410 1928 pero
1427 1897 1470 1920 nel
1486 1896 1555 1920 Cod.
1575 1903 1638 1928 1337
1654 1897 1728 1920 della
1744 1896 1818 1919 BmL.
1840 1896 1915 1918 Ano.
1932 1901 1961 1918 121
1975 1895 2074 1921 Rom..
2089 1903 2109 1918 c.
2135 1901 2182 1926 133
2195 1903 2209 1918 r

456 3136 473 3158 l.
496 3142 505 3158 ι
529 3135 662 3159 Rosam-1
685 3135 716 3165 A,
739 3143 763 3167 p.
784 3135 826 3159 86.
