2388 3439
83 858 120 889 10

83 1123 120 1156 15

81 1393 123 1424 20

85 1660 125 1692 25

87 1929 128 1960 30

89 2316 128 2347 35

116 2872 128 2897 5

677 154 746 189 DE
774 152 1054 188 OBSIDIONE
1083 151 1475 187 TIPHERNATUM
1950 151 1962 185 l
1977 150 1990 184 l

142 289 233 309 mum
247 277 440 320 designant,
453 276 641 309 obsidionis
653 276 915 308 dissolutionem
929 281 1109 317 rogaturos
1124 280 1157 306 et
1174 274 1231 316 qui
1248 273 1341 315 apud
1361 273 1508 305 eundem
1521 273 1674 304 modeste
1688 283 1729 304 ac
1744 273 1999 314 perhumaniter

146 338 416 373 conquerantur:
442 340 599 362 romanas
623 328 733 361 a'cies'
749 339 868 371 agrum
887 329 1115 370 tiphernatem
1133 327 1300 359 hostiliter
1317 327 1491 364 invasisse,
1517 326 1703 369 urbemque
1721 325 1854 358 duobus
1867 326 1902 357 in
1916 325 2001 369 locis

145 383 332 421 obsedisse,
373 383 491 415 urbem
525 392 665 415 romano
701 381 844 422 imperio
876 380 1133 419 deditissimam,
1161 387 1263 422 atque
1297 379 1415 411 urbem
1450 379 1646 421 incorrupte
1686 389 1769 422 erga
1803 378 1999 421 pontificem

146 436 242 468 fidei:
259 436 340 468 satis
358 446 416 468 eos
433 435 539 468 fidere
557 436 666 477 ipsum
690 434 827 466 inimica
851 433 1078 466 abducturum
1095 439 1217 470 castra,
1240 432 1436 474 bellumque
1453 442 1552 464 omne
1581 432 1807 469 remissurum,
1832 432 1858 463 si
1883 441 2000 464 eorum

145 490 342 521 servitutem
367 489 668 530 innocentiamque
692 486 867 529 pensabit:
886 493 1053 529 negantes
1070 492 1266 518 constanter
1290 486 1395 517 iustas
1419 486 1497 517 novi
1523 485 1603 517 belli
1621 495 1742 517 causas
1758 484 1844 518 ullas
1868 491 1983 517 extare
1991 496 2000 521 3

144 553 232 585 quae
257 543 283 574 si
308 542 497 579 subessent,
521 548 658 583 paratos
682 551 717 572 se
734 540 778 572 ad
795 540 996 572 sanctissimi
1014 540 1180 581 principis
1203 539 1397 576 arbitrium;
1421 539 1449 570 si
1473 539 1583 571 minus
1607 538 1807 581 suppliciter
1830 548 1940 575 orare,
1964 543 2000 569 ut

145 607 163 628 e
188 597 359 628 territorio
382 597 588 638 tiphernate,
605 601 776 637 tamquam
801 594 844 625 ab
869 594 1035 630 innocuis,
1061 594 1134 625 eius
1159 594 1345 626 exercitum
1370 599 1502 630 evocet,
1527 593 1621 634 prius
1652 603 1753 635 quam
1778 591 1860 624 belli
1883 591 2000 630 duces,

146 651 275 692 rapinis
298 650 435 687 assueti,
461 649 579 693 fruges
603 659 721 681 omnes
745 648 1010 690 depopulentur.

617 771 791 805 CAMPANI
817 781 866 803 AD
891 780 1111 803 PONTIFICEM
1135 780 1311 803 MAXIMUM
1335 779 1531 802 LITTERAE.

233 857 445 899 Campanus¹
472 856 601 894 itidem,
627 857 804 901 provincig²
828 867 956 898 preses,
983 855 1110 888 subitas
1127 856 1340 888 incursiones
1358 861 1391 887 et
1410 855 1549 887 hostiles
1574 854 1699 896 predas
1723 855 1892 899 egerrime
1916 855 2002 892 tulit,

143 910 481 953 Tiphernatibusque
507 910 634 942 bellum
658 910 867 951 iniquissime
892 909 1023 941 illatum
1047 919 1116 941 non
1141 915 1254 952 negat.
1302 908 1345 940 Et
1370 914 1406 940 ut
1433 918 1551 940 omnes
1579 908 1681 943 latius
1702 908 1896 952 intelligant
1919 907 2003 951 quid

143 965 216 1006 ipse
230 965 380 1001 sentiret,
394 964 462 995 suis
475 964 596 995 litteris
609 963 654 995 ad
667 963 875 1005 pontificem,
894 962 1125 1004 superioribus
1142 962 1274 1000 diebus,
1300 963 1335 993 in
1352 962 1439 993 haec
1457 961 1563 993 verba
1580 962 1751 1004 copiosius
1767 962 1958 994 declaravit
1972 961 2001 992 ²:

146 1018 232 1050 haec
257 1018 387 1055 civitas,
411 1024 510 1059 pater
534 1023 662 1054 sancte,
687 1022 723 1048 ut
754 1023 886 1048 taceam
919 1016 963 1048 de
995 1027 1060 1054 me,
1085 1016 1142 1058 qui
1168 1015 1316 1048 ludibrio
1348 1015 1488 1052 habeor,
1513 1021 1547 1047 et
1575 1015 1641 1047 huc
1672 1021 1775 1058 atque
1799 1016 1880 1047 illuc
1912 1022 2003 1048 tran-

145 1078 283 1109 smutor,
307 1071 454 1113 pessimo
478 1071 513 1102 in
537 1076 625 1103 statu
651 1076 717 1102 est:
754 1069 939 1111 sperabant
963 1069 1112 1112 quietem
1137 1069 1181 1101 ab
1204 1075 1240 1102 te
1273 1075 1307 1100 et
1338 1079 1470 1110 pacem,
1499 1075 1533 1101 et
1564 1079 1647 1101 ecce
1672 1069 1785 1101 omnia
1816 1070 1851 1101 in
1875 1069 1999 1101 sudore

147 1131 180 1157 et
204 1124 295 1157 bello
321 1131 509 1157 versantur.
555 1124 613 1156 Ad
637 1134 691 1155 me
715 1124 838 1155 attinet
855 1123 1007 1155 scribere
1039 1133 1245 1165 quecunque
1279 1123 1406 1154 sentio:
1432 1128 1524 1154 tuum
1551 1123 1615 1154 erit
1639 1122 1834 1164 providere.
1879 1123 2003 1155 Fertur

146 1179 264 1211 venire
289 1179 356 1211 huc
381 1177 538 1223 Ecclesie
563 1183 674 1210 castra
699 1177 844 1209 liberum
869 1177 1059 1220 ingressum
1091 1177 1260 1218 petentia3
1286 1176 1391 1213 cives,
1425 1175 1542 1207 habito
1567 1176 1720 1213 consilio,
1749 1176 2001 1218 responderunt

145 1238 298 1265 metuere
311 1239 516 1264 armatorum
530 1230 791 1268 multitudinem,
809 1231 921 1262 onmia
934 1231 970 1262 in
984 1230 1085 1262 ferro'
1104 1236 1137 1262 et
1153 1230 1294 1261 licentia
1310 1229 1565 1271 reponentium:
1583 1235 1720 1271 paratos
1737 1240 1812 1263 esse
1827 1230 1873 1262 ad
1892 1230 2005 1261 omnia

146 1286 318 1318 servitutis
342 1285 508 1327 obsequia
531 1285 646 1328 legato
669 1290 738 1321 tuo,
763 1294 830 1326 que
855 1284 927 1315 sine
945 1289 1051 1316 status
1067 1284 1217 1325 ipsorum
1243 1283 1397 1325 periculo
1421 1289 1591 1324 petantur,
1616 1289 1785 1329 prestare3
1811 1293 1891 1315 cum
1909 1294 2005 1315 exer-

147 1340 217 1372 citu
241 1345 371 1371 armato
395 1338 669 1371 discriminosum
694 1348 779 1375 esse,
804 1344 840 1369 ut
864 1338 899 1368 in
923 1337 1080 1369 Tuderto
1100 1336 1312 1379 Spoletoque
1337 1336 1439 1378 paulo
1463 1343 1543 1368 ante
1568 1336 1650 1373 suit;
1680 1337 1716 1368 in
1740 1347 1843 1369 causa
1874 1336 2003 1378 dispari

147 1392 267 1425 dicunt
290 1403 326 1424 se
351 1393 440 1424 omni
466 1402 591 1424 vacare
617 1391 719 1432 culpa
743 1402 851 1428 nova3
877 1391 1062 1433 antiquam,
1088 1391 1114 1421 si
1140 1401 1242 1432 quam
1268 1389 1406 1428 habent,
1432 1390 1606 1421 remissam
1631 1401 1705 1422 esse
1729 1401 1750 1421 a
1774 1389 1883 1422 Paulo
1903 1400 2001 1432 prae-

147 1446 331 1478 decessore
357 1453 431 1478 tuo:
456 1446 577 1477 timent
599 1445 826 1481 adversarios,
859 1444 979 1476 timent
1010 1444 1124 1486 capita
1155 1444 1441 1481 adversariorum,
1472 1443 1565 1475 idem
1596 1443 1689 1486 quod
1720 1442 1818 1475 Pauli
1849 1450 2003 1486 tempore

148 1500 330 1541 petierunt.
378 1497 460 1531 Post
485 1499 586 1530 etiam
611 1498 746 1530 videtur
772 1508 826 1529 res
851 1498 984 1534 misera,
1014 1497 1182 1529 foeminas
1207 1503 1242 1529 et
1264 1507 1400 1538 pueros,
1436 1507 1640 1539 omnemque
1664 1496 1838 1529 imbellem
1869 1496 2004 1529 turbam

150 1559 245 1585 extra
270 1552 389 1584 urbem
406 1552 487 1594 pelli
505 1552 776 1584 lachrimantem.
823 1551 1020 1582 Remanent
1036 1557 1149 1582 autem
1167 1551 1228 1582 soli
1246 1551 1291 1582 ad
1307 1561 1401 1581 arma
1419 1550 1528 1592 parati
1547 1556 1581 1582 et
1596 1556 1750 1587 mortem,
1774 1550 1837 1582 nisi
1855 1557 1891 1583 tu
1906 1550 2006 1583 aliter

150 1607 346 1639 constituas.
379 1604 474 1643 Quid
492 1605 557 1637 hoc
575 1611 626 1637 est
641 1604 736 1637 aliud
752 1615 854 1647 quam
871 1604 1093 1646 perturbatio,
1110 1614 1212 1646 quam
1229 1604 1373 1636 saevitia
1389 1603 1616 1641 Turchorum,
1640 1614 1710 1635 non
1726 1603 1921 1642 christiana,
1937 1614 2006 1637 non

151 1659 387 1697 sacerdotalis,
411 1670 480 1691 non
504 1670 571 1704 que
596 1659 706 1701 sapiat
730 1658 972 1690 Salvatorem?
1005 1657 1101 1695 Quid
1132 1664 1278 1701 egerunt
1308 1657 1519 1695 Castellani?
1552 1656 1622 1689 Cur
1646 1657 1865 1699 plectuntur?
1894 1656 2008 1696 Quam

151 1713 362 1756 prebuerunt
398 1713 496 1745 huius
532 1712 613 1744 belli
639 1711 800 1744 causam?
832 1712 868 1743 Si
895 1712 948 1743 fas
980 1718 1031 1744 est
1054 1712 1182 1744 iudicio
1214 1711 1436 1749 contendere,
1461 1711 1624 1743 iudicium
1656 1711 1717 1743 abs
1741 1717 1775 1743 te
1805 1711 2008 1753 deposcunt.

151 1766 222 1800 Sed
247 1779 290 1800 ne
315 1774 414 1809 putes
438 1773 531 1799 metu
555 1776 613 1798 eos
637 1766 774 1798 trahere
799 1766 844 1798 ad
875 1766 966 1798 iussa
998 1765 1171 1803 facienda,
1200 1765 1341 1807 capiunt
1371 1765 1547 1806 provocati
1579 1765 1727 1806 pessima
1758 1765 1910 1802 consilia,
1941 1776 2008 1808 que

151 1828 209 1854 aut
225 1821 340 1864 qualia
357 1822 433 1858 sint,
451 1831 528 1853 cum
556 1821 670 1863 legato
699 1820 905 1852 referentur.
951 1819 1032 1852 Non
1049 1826 1126 1852 sunt
1142 1820 1279 1851 omnino
1296 1819 1459 1857 destituti,
1491 1818 1619 1851 habent
1642 1819 1816 1855 adiutores
1846 1819 2009 1856 occultOS,

152 1881 289 1917 paratos
314 1876 427 1907 omnia
451 1875 581 1912 facere,
599 1874 653 1906 vel
678 1874 714 1906 in
729 1881 866 1916 apert03
899 1874 943 1906 de
960 1874 1147 1906 munitione
1165 1873 1258 1905 urbis
1282 1883 1532 1916 supervacuum
1558 1879 1609 1905 est
1633 1872 1724 1915 loqui
1736 1872 1751 1903 :¹
1768 1873 1882 1910 muris,
1899 1873 2010 1911 fossis,

153 1928 357 1967 hominibus,
382 1929 559 1961 tormentis
583 1928 693 1960 omnis
715 1928 854 1971 generis
878 1928 925 1960 ita
942 1933 1019 1959 sunt
1035 1927 1244 1964 communiti,
1262 1933 1298 1959 ut
1314 1926 1407 1958 nulla
1424 1927 1467 1967 sit
1490 1927 1526 1958 in
1549 1926 1686 1958 dicione
1703 1925 1861 1962 Ecclesie
1889 1926 2010 1964 civitas

154 1982 274 2026 magis;
288 1993 425 2014 causam
442 1992 511 2016 non
527 1982 696 2019 iniustam,
713 1992 884 2013 annonam
901 1986 1064 2024 quantum
1081 1981 1127 2012 ad
1143 1980 1266 2012 multos
1282 1990 1418 2012 menses
1435 1981 1477 2012 sit
1494 1979 1592 2013 satis:
1609 1977 1740 2021 Scripsi
1757 1979 1872 2025 legato
1889 1986 2011 2019 caveat

153 2047 196 2068 ne
210 2035 498 2078 quemadmodum
512 2036 618 2080 ceteri
632 2035 734 2068 urbes
747 2045 872 2078 magno
885 2035 1060 2077 impendio
1069 2034 1277 2080 quesierunt,
1291 2034 1363 2076 ipse
1378 2033 1590 2075 tantumdem
1603 2039 1752 2075 exponat
1763 2033 1799 2065 in
1811 2033 2009 2076 amittendo.

621 2169 796 2203 CAMPANI
822 2179 1011 2202 PRAEsmIs
1035 2179 1081 2201 Ex
1106 2169 1301 2201 TIPHERNO
1327 2178 1507 2201 mscnssus
1524 2168 1546 2200 ³.

242 2261 448 2303 Campanus,
462 2266 539 2303 post
562 2271 641 2293 suas
664 2260 805 2297 litteras,
831 2260 876 2292 ad
901 2270 1030 2302 paucos
1055 2260 1129 2292 dies
1153 2265 1391 2297 commoratus,
1415 2259 1549 2302 magnis
1571 2258 1750 2296 itineribus
1766 2259 1913 2298 Romam
1929 2270 2010 2295 con-

154 2315 298 2348 tendere
315 2315 440 2352 statuit,
458 2315 595 2352 veritus‚
609 2314 645 2348 id
658 2314 751 2356 quod
768 2320 888 2356 postea
906 2314 1031 2351 evenit,
1049 2324 1094 2346 ne
1107 2324 1226 2356 parum
1240 2324 1299 2359 sue
1312 2313 1521 2355 proficerent
1537 2313 1666 2357 littei-23
1683 2313 1879 2355 compositis
1895 2314 2010 2357 itaque

155 2369 334 2401 sarcinulis
358 2380 400 2401 ex
423 2368 602 2410 Tipherno
627 2368 795 2406 discessit,
819 2368 940 2400 accitis
964 2368 1058 2409 prius
1081 2368 1127 2399 ad
1151 2378 1187 2399 se
1211 2367 1306 2399 urbis
1329 2366 1530 2409 primatibus
1554 2373 1588 2398 et
1612 2366 1757 2399 Nicolao
1790 2366 1928 2406 Viteuo,
1967 2368 2010 2405 de

156 2433 299 2465 quorum
313 2423 459 2454 adversa
484 2422 632 2460 fortuna,
650 2422 768 2463 paucis
784 2421 1016 2464 gravibusque
1033 2420 1157 2457 verbis,
1175 2431 1390 2463 summopere
1422 2426 1629 2462 conquestus
1646 2426 1706 2452 est.
1753 2420 1882 2464 Magno
1898 2427 2013 2453 tamen

157 2477 306 2519 fortique
324 2477 436 2508 animo
454 2486 512 2507 eos
530 2476 605 2508 fore
624 2475 787 2513 hortatur,
804 2475 1085 2518 quandoquidem
1102 2475 1170 2512 late
1187 2481 1304 2516 pateat
1319 2475 1412 2516 ipsos
1435 2485 1565 2512 summa
1589 2474 1649 2512 niti
1674 2474 1809 2512 iustitia,
1835 2481 1869 2506 et
1885 2475 2013 2517 pariter

157 2536 276 2562 contra
300 2530 407 2562 decus
431 2536 534 2573 atque
560 2529 744 2572 equitatem
762 2529 980 2570 improvisum
998 2529 1068 2570 pati
1093 2527 1230 2566 bellum,
1255 2528 1477 2569 calamitates,
1500 2527 1660 2570 iacturas,
1684 2533 1718 2559 et
1741 2527 1868 2571 caedes
1884 2538 2012 2560 omnes.

246 2694 253 2711 ¹
273 2695 321 2720 Sul
343 2695 490 2728 Campano
516 2704 560 2720 v.:
586 2694 690 2725 Lesen,
719 2696 949 2720 Giovannantam‘o
980 2697 1056 2719 Cam·
1114 2697 1183 2719 sime
1203 2695 1339 2725 varianti,
1359 2694 1545 2726 corrisponde
1565 2693 1622 2718 alla
1643 2698 1673 2725 4³
1700 2694 1744 2718 del
1771 2694 1847 2718 libro
1874 2694 1914 2719 IX
1937 2694 2010 2719 delle

152 2742 222 2770 pano
248 2739 315 2762 detto
345 2738 533 2763 1‘Emscovus
562 2738 749 2769 Apu-rmus,
778 2738 944 2770 Pontedera,
982 2737 1058 2770 1892,
1113 2737 1244 2771 Epistole
1263 2737 1308 2760 del
1329 2735 1486 2768 Campano,
1506 2744 1520 2760 e
1547 2735 1774 2769 probabilmente
1802 2736 1830 2760 su
1857 2738 1958 2761 scritta
1979 2738 2008 2761 di

157 2788 184 2812 p.
203 2780 238 2813 98
256 2788 270 2804 e
290 2788 354 2813 seg..
381 2781 413 2805 V.
434 2780 521 2804 anche
541 2779 717 2803 Aresxorcn
738 2788 764 2804 n.
784 2780 805 2809 Ι,
825 2779 897 2804 dove
918 2780 1057 2813 ripubbli-
1112 2787 1230 2804 comune
1250 2779 1372 2803 accordo
1393 2779 1439 2804 dai
1460 2779 1514 2803 due
1534 2780 1694 2811 magistrati
1716 2779 1860 2803 cittadini.

157 2822 270 2847 chiamo
290 2823 315 2846 le
335 2823 433 2847 lettere
460 2822 508 2846 che
535 2821 689 2846 illustrano
709 2830 723 2845 e
749 2821 930 2846 chiariscono
951 2822 1058 2854 l’opera
1200 2821 1211 2837 ³
1231 2821 1376 2846 CAMPANR
1400 2821 1499 2853 Eptrt„
1518 2821 1564 2852 1x,
1592 2821 1653 2846 lett.
1680 2827 1703 2853 7,
1730 2819 1754 2850 8y
1779 2828 1805 2853 9,
1834 2828 1873 2853 10,
1905 2829 1946 2854 14,
1966 2829 2009 2847 21.

158 2865 186 2888 di
209 2865 247 2888 lui
276 2873 290 2889 a
317 2872 369 2897 pro
395 2865 441 2889 del
467 2862 624 2888 Castellani
652 2871 666 2888 e
691 2864 717 2888 lc
735 2871 928 2896 conseguenze
948 2871 996 2896 per
1016 2864 1058 2888 1111
1112 2864 1144 2888 In
1164 2867 1260 2896 queste
1279 2864 1376 2888 lettere
1390 2862 1404 2888 ὸ
1419 2863 1526 2888 riflesso
1548 2863 1568 2887 il
1584 2863 1682 2887 dolore
1701 2863 1731 2887 di
1751 2864 1895 2888 un’anlma
1909 2856 2013 2894 bunna,

159 2907 292 2932 dolorose
311 2907 385 2931 della
405 2914 455 2931 sua
477 2906 693 2931 intromissione
713 2912 810 2937 presso
832 2906 853 2930 il
872 2905 1021 2931 Pontefice.
1113 2909 1276 2939 rassegnata
1302 2906 1438 2930 all‘esilio
1458 2907 1602 2938 piuttosto
1622 2905 1672 2930 che
1698 2905 1756 2930 alla
1775 2906 1910 2931 rinunzia
1936 2906 2013 2940 degli

248 2947 258 2964 ²
278 2948 318 2974 La
339 2950 439 2974 lettera
458 2950 507 2981 qui
528 2950 669 2982 ripertata
689 2947 835 2978 dall‘Orsi‚
855 2949 937 2973 salvo
960 2949 1056 2973 lievis-
1113 2948 1199 2973 ideali
1216 2948 1246 2972 dl
1258 2949 1394 2980 giustizia
1413 2956 1427 2971 e
1447 2948 1476 2971 di
1491 2946 1619 2976 umanita
1639 2947 1848 2985 disconosciuti
1867 2948 1914 2973 dal
1929 2943 2014 2986 Pap‘q.

294 3066 326 3090 T.
346 3064 453 3090 XXVII
472 3065 624 3098 (ΤΛκτιΝι,
644 3064 688 3097 11),
709 3073 735 3097 ρ.
757 3071 793 3089 111
814 3079 845 3083 -
866 3073 890 3097 4.
1708 3063 1726 3094 l.
1741 3069 1755 3087 2
1775 3063 1843 3088 -cies
1863 3071 1960 3098 agrum
1987 3065 2016 3095 T,

167 3117 189 3135 c.
203 3108 264 3143 683.
286 3123 318 3127 —
339 3110 357 3134 1.
379 3116 391 3134 2
412 3116 511 3142 agrum
530 3109 564 3139 A,
584 3117 610 3141 p.
631 3115 673 3140 27·
694 3122 725 3126 —
747 3109 764 3134 1.
788 3115 817 3141 ¹7
837 3112 863 3134 et
885 3109 1004 3134 licentia
1022 3109 1055 3140 A,
1077 3116 1103 3141 p⁴
1124 3109 1165 3134 28.
1184 3121 1217 3126 —
1238 3108 1255 3133 1.
1278 3115 1311 3137 ²0
1330 3108 1417 3132 muris
1443 3107 1472 3137 T,
1492 3115 1514 3132 c.
1534 3106 1594 3140 684.
1608 3119 1641 3125 -—
1655 3107 1675 3133 1.
1694 3114 1725 3140 31
1746 3106 1854 3141 Scripsi
1873 3098 1910 3140 Ἀ,
1928 3115 1954 3142 p.
1975 3114 2017 3142 ²9·

2042 2787 2074 2805 ΣΟ
