2388 3439
95 547 113 578 5

76 813 114 844 10

76 1078 113 1110 15

72 1376 114 1407 20

81 1957 113 1974 10

84 2165 112 2191 ῐ5

85 2381 118 2399 20

86 2590 119 2616 ²5

88 2804 123 2830 30

93 3016 125 3044 35

668 207 738 242 DE
767 205 1050 242 OBSIDIONE
1079 203 1474 240 TIPHERNATUM
1975 200 1994 238 7

137 340 395 366 castrametatus
409 340 469 370 est,
483 343 551 365 non
569 332 644 374 plus
661 342 818 373 passuum
837 331 980 363 duorum
994 330 1122 361 miliiun
1140 329 1319 360 interiecto
1345 328 1389 359 ab
1417 328 1500 359 urbe
1515 327 1642 368 spacio,
1660 326 1717 358 ubi
1736 326 1849 357 villam
1862 325 1999 367 amplis-

137 389 265 424 simam,
291 388 427 419 excelsa
446 387 641 428 munitaque
659 385 741 417 turri
759 391 924 421 ornatam,
943 383 1108 415 Nicolaus
1124 382 1273 414 Vitellus
1290 381 1500 423 possidebat,
1518 387 1551 412 et
1568 380 1699 412 incolas
1723 389 1841 412 omnes
1858 379 1922 411 sibi
1939 379 2000 411 de-

137 441 320 473 ditissimos
336 441 495 472 habebat.
522 439 677 471 Hostium
690 439 842 470 adventu
860 438 1050 479 repentino.
1067 437 1170 467 armis
1187 435 1431 477 caedibusque,
1449 435 1562 466 omnia
1579 433 1714 466 turbata
1736 439 1822 469 sunt,
1840 438 1938 464 erant
1963 432 1996 463 hi

136 495 269 536 equites
293 495 396 531 mille,
421 494 555 535 pedites
580 493 732 524 totidem.
781 490 901 522 Pinum
926 490 1162 531 Ordelaphum
1179 490 1185 505 ¹
1213 489 1363 521 comitati
1382 494 1459 519 sunt
1477 488 1538 518 viri
1557 487 1648 518 bello
1667 487 1818 529 insignes
1833 485 1998 521 nonnulli,

138 547 310 579 Iohannes
333 547 497 590 Gonzaga
515 552 717 577 mantuanus
732 544 753 580 ²,
770 544 942 576 Iohannes
960 543 1150 586 Bagnensis
1162 541 1184 579 ³,
1211 542 1380 574 Antonius
1397 539 1647 582 Pompiliensis,

140 611 274 643 unaque
300 600 505 632 Laurentius
531 599 688 635 lustinus,
713 598 889 640 tiphernas
915 596 1183 635 iurisconsultus,
1207 602 1310 637 atque
1337 593 1451 637 eques'
1475 600 1623 630 auratus,
1657 593 1738 625 belli
1765 592 1864 623 huius
1888 592 2004 623 conci-

138 659 237 689 tator,
262 654 288 684 si
314 664 382 685 non
406 659 544 684 auctor:
569 652 661 693 apud
686 662 788 693 quem
814 651 932 681 harum
958 649 1133 691 copiarum
1164 649 1342 690 imperium
1369 658 1443 679 esse
1471 646 1656 678 serebatur.
1704 645 1737 677 Is
1762 655 1847 677 unus
1880 656 1921 676 ex
1947 655 2005 676 vo-

140 707 293 738 luntariis
318 706 473 738 exulibus
498 706 572 742 suit,
597 706 666 747 qui.
691 704 876 736 contractis
901 703 1067 739 exulibus,
1093 703 1200 744 patrie
1227 702 1310 733 lines
1329 702 1512 743 ingressus,
1531 701 1596 731 iam
1610 699 1795 731 animosius
1819 709 1920 740 quam
1938 709 2001 740 par

139 767 240 795 esset,
266 761 378 792 onmia
404 760 554 791 infestat.
602 757 680 795 Qua
706 758 750 790 de
776 769 812 789 re
837 757 930 799 apud
955 757 1049 788 cives
1074 756 1237 800 precipua
1263 755 1420 797 flagravit
1445 754 1584 786 invidia.
1633 753 1695 784 His
1719 759 1856 794 postero
1873 752 1930 784 die
1947 762 2005 784 co-

136 814 250 856 gnitis,
277 813 423 855 populus
446 813 555 844 omnis
572 813 617 844 ad
633 822 727 843 arma
746 811 964 853 capescenda
983 810 1148 851 prosiluit.
1196 809 1277 840 Non
1294 815 1409 840 tamen
1433 808 1631 844 defuerunt,
1648 807 1706 849 qui
1731 812 1833 838 nocte
1851 806 2004 847 proxima

138 877 215 898 cum
239 866 395 898 omnibus
419 866 528 907 copiis
553 864 674 896 Pinum
698 864 973 907 aggrediendum
999 863 1254 904 delendumque
1288 861 1517 894 consulerent.
1551 859 1629 897 Que
1656 870 1710 891 res
1734 858 1866 891 absolvi
1900 858 2003 890 facile

137 919 256 961 potuit,
289 919 315 950 si
341 919 427 951 fides
450 919 607 950 affuisset
625 928 665 949 eo
683 925 848 959 tempore,
865 927 933 959 quo
951 917 1013 958 ipsi
1033 917 1184 948 locorum
1203 921 1301 947 erant
1317 915 1439 958 ignari,
1457 921 1491 946 et
1515 914 1559 945 ab
1585 913 1669 945 urbe
1694 912 1836 945 castella
1853 911 2004 944 nondum

138 972 206 1004 ulla
230 972 445 1004 defecerant.
477 972 603 1003 Eorum
628 972 766 1003 tamen⁴
791 970 960 1002 sententia
978 980 1054 1001 sero
1072 970 1171 1000 nimis
1189 975 1329 1010 recepta
1356 969 1429 1004 suit,
1455 978 1531 1000 cum
1549 967 1711 1009 proximis
1735 972 1854 1008 postea
1882 964 2005 997 diebus

138 1024 214 1057 Pini
239 1027 338 1071 copie
363 1026 475 1058 omnia
501 1026 658 1057 licentius
682 1024 967 1066 depredarentur,
984 1030 1088 1065 atque
1105 1023 1276 1065 agricolas
1293 1028 1470 1063 caperent,
1487 1028 1521 1053 et
1545 1027 1664 1062 captos
1689 1019 1810 1052 redimi
1829 1025 2005 1063 cogerent.

138 1077 209 1111 Sed
234 1079 354 1111 horum
371 1079 511 1121 querele
538 1089 580 1110 ne
605 1079 789 1120 quicquam
815 1076 1094 1113 effundebantur,
1111 1076 1274 1121 preterita
1300 1076 1390 1107 enim
1416 1075 1553 1107 facilius
1569 1074 1725 1106 damnari
1743 1079 1884 1115 possunt
1904 1083 2006 1115 quam

138 1132 276 1175 corrigi.

506 1189 649 1221 Lmim
674 1198 868 1220 ORATORES
893 1197 966 1219 CUM
991 1196 1268 1219 CONDITIONIBUS
1293 1196 1343 1217 AD
1367 1186 1644 1218 TIPHERNATES.

227 1269 322 1302 Inter
346 1270 411 1302 hec
436 1280 455 1301 a
481 1269 614 1301 Iuliano
639 1268 815 1301 cardinale
842 1268 956 1311 legato
981 1267 1180 1309 apostolico,
1213 1266 1328 1309 magni
1360 1277 1423 1308 per
1454 1272 1581 1309 etatem
1607 1265 1710 1296 animi
1736 1274 1919 1306 rerumque
1944 1273 2004 1295 no-

138 1333 256 1354 varum
282 1323 410 1365 cupidi,
435 1323 492 1365 qui
517 1323 625 1354 altera
651 1328 762 1354 castra
779 1322 825 1353 ad
842 1321 961 1352 urbem
979 1320 1230 1362 Tiphernatem
1255 1331 1298 1351 ex
1321 1318 1464 1361 Spoleto
1490 1318 1739 1361 gloriabundus
1763 1316 1971 1350 admovebat
1983 1316 2006 1353 ⁵,

138 1387 251 1419 neque
277 1377 411 1420 longius
435 1387 594 1418 passuum
619 1375 755 1407 milibus
779 1375 963 1407 duodecim
987 1373 1032 1405 ab
1058 1374 1114 1405 illa
1140 1374 1356 1410 consederat,
1381 1379 1534 1404 oratores
1558 1372 1650 1403 missi
1675 1377 1753 1403 sunt
1776 1370 1922 1403 Iacobus
1938 1369 2007 1401 Lu-

139 1429 276 1462 censis⁶
300 1430 415 1475 presul
440 1430 635 1466 nucerinus,
663 1428 799 1470 Gaspar
838 1428 1014 1459 Nardinus
1053 1426 1249 1468 tiphernas',
1282 1425 1454 1469 Georgius
1485 1425 1688 1457 Massanus:
1720 1425 1777 1467 qui
1810 1434 1879 1456 non
1909 1424 2010 1456 aliter

139 1564 152 1578 “
165 1572 240 1589 sarsc
260 1565 331 1589 sulla
353 1564 429 1589 Villa
451 1565 485 1588 de
504 1564 589 1591 Selci,
605 1563 731 1588 coutado
748 1563 823 1587 della
845 1561 925 1587 Cina
945 1563 979 1586 de
994 1562 1044 1587 Ca-

139 1607 263 1635 “stello;
292 1615 380 1632 erano
407 1607 511 1631 soldati
542 1607 576 1630 de
604 1614 674 1639 papa
701 1606 786 1630 Sixto
811 1612 862 1630 1111
882 1614 896 1629 e
918 1613 1042 1629 venneto

137 1650 149 1663 ¹¹
163 1657 241 1674 come
261 1649 373 1673 inimici
388 1656 403 1672 e
417 1657 532 1673 corsaro
549 1652 628 1673 tutto
642 1648 662 1672 il
679 1648 776 1682 pianO,
791 1650 817 1672 et
836 1648 959 1671 hebbcro
971 1649 1040 1671 tutti

136 1692 149 1705 ⁸
163 1692 184 1716 li
205 1692 311 1724 palazzi
332 1699 346 1715 e
366 1691 476 1715 castelli
499 1689 662 1723 imperoche
684 1698 740 1714 non
766 1691 787 1714 li
814 1691 845 1713 fu
864 1690 1044 1713 contraditto

140 1734 152 1747 ‘⁴
166 1735 262 1759 niente
275 1753 297 1766 η.
336 1732 408 1759 Selci
431 1732 445 1758 ὸ
466 1734 535 1766 oggi
559 1741 594 1757 un
617 1734 706 1765 borgo
728 1733 801 1757 assai
817 1734 957 1765 popoloso
973 1732 1045 1755 (love

139 1783 195 1801 non
216 1777 387 1809 rimangouo
409 1777 514 1800 traceio
534 1776 610 1800 della
631 1776 703 1799 villa
725 1775 753 1799 di
774 1777 817 1799 cui
840 1775 919 1807 parla
948 1774 1044 1798 l’Orsi.

230 1818 237 1834 ¹
258 1818 322 1842 Una
342 1820 411 1842 nota
431 1819 459 1842 di
482 1819 551 1842 tutti
574 1819 582 1841 i
604 1819 730 1851 capitani
759 1818 808 1841 che
835 1824 960 1841 vennero
982 1823 1046 1840 con-

140 1864 184 1886 tro
205 1858 285 1884 Citta
305 1861 335 1884 di
355 1860 485 1885 Castello
506 1862 527 1884 si
550 1863 634 1884 trova
655 1860 729 1884 nelle
753 1860 879 1883 Croniclze
905 1859 949 1882 del
979 1859 1044 1882 Dm.

140 1903 208 1927 Ved.
229 1903 413 1931 Aprssnmexz,
434 1910 461 1926 n.
481 1902 529 1926 ΙΙΙ.

230 1943 242 1960 ²
261 1943 310 1969 C’'e
336 1945 371 1968 da
397 1948 473 1969 stare
498 1946 527 1968 iu
555 1945 661 1968 dubbio
689 1943 994 1969 sull'identifieazione
1017 1942 1046 1966 di

140 1990 241 2019 questo
261 1986 410 2011 Giovanni
431 1986 576 2019 Gonzaga.
613 1987 715 2010 lnfatti
730 1987 863 2010 abbiamo
878 1986 960 2010 molti
978 1986 1047 2009 Gio-

143 2031 230 2054 vanni
252 2029 328 2053 della
354 2029 486 2062 samiglia
515 2028 654 2061 Gouzaga
684 2028 734 2052 che
763 2029 933 2060 potrebbero
958 2035 1048 2052 essere

141 2071 238 2103 quello
248 2073 431 2095 menzionato
445 2071 521 2095 nella
536 2073 625 2095 storia
640 2070 783 2094 dcll’Orsi.
822 2071 918 2094 Prima
929 2070 958 2094 (li
969 2072 1047 2095 tutto

143 2114 370 2138 Giansrancesco
391 2114 421 2137 di
443 2114 540 2138 Guiclo
559 2112 695 2145 Gonzaga
715 2117 795 2146 (1437
809 2131 815 2138 .
830 2133 835 2138 .
848 2112 875 2143 .)‚
888 2115 983 2137 creato
1004 2120 1046 2136 ca-

143 2157 250 2182 valiere
270 2157 315 2180 nel
334 2155 409 2188 1481.
448 2156 494 2180 Ma
509 2158 603 2180 cestui
620 2158 781 2180 veramente
798 2157 826 2180 fu
847 2164 932 2180 uomo
953 2156 980 2180 di
998 2156 1048 2179 let-

143 2200 201 2222 tere
220 2205 234 2221 e
248 2197 349 2228 quindi
370 2197 399 2221 lo
419 2198 443 2221 si
459 2197 595 2229 potrebbe
615 2196 766 2221 escludere.
786 2194 840 2220 Pin
854 2197 905 2220 che
926 2197 960 2220 ad
981 2196 1048 2220 altri

144 2242 208 2266 vien
222 2240 296 2264 fatto
311 2240 339 2263 di
352 2247 471 2272 pensare
485 2241 511 2264 ai
524 2240 577 2264 due
589 2241 698 2272 signori
712 2239 741 2263 di
753 2239 917 2270 Novellara,
931 2231 1050 2263 Giaulo'-

145 2283 248 2307 dovico
262 2289 277 2305 e
291 2280 516 2306 Gianrrancesco
531 2282 561 2305 di
576 2282 736 2314 Filippino,
749 2283 755 2305 i
771 2281 850 2312 quali
866 2282 948 2305 furon
961 2284 1047 2310 creati

145 2324 282 2349 cavalieri
305 2325 350 2348 nel
373 2323 440 2356 1469
466 2324 500 2348 da
526 2324 664 2355 chcrigo
685 2324 736 2348 1112
758 2331 772 2347 e
792 2326 956 2357 sopratutto
977 2332 991 2348 a
1012 2332 1049 2347 uu

147 2367 374 2391 Giansraucesco
393 2367 423 2390 di
444 2365 594 2390 Lodovico
615 2366 651 2389 111
671 2366 751 2398 (1443
773 2383 780 2390 .
793 2385 798 2390 .
811 2386 816 2390 .
829 2366 856 2395 ‚L
875 2367 1050 2399 capostipitc

146 2408 191 2432 dei
213 2408 297 2432 duchi
319 2409 347 2431 di
369 2407 552 2437 Sabbioneta,
572 2408 622 2431 che
642 2406 656 2431 ὲ
679 2408 830 2431 nominato
852 2408 897 2431 nel
922 2406 986 2439 ¹4⁶⁴
1007 2409 1050 2431 tra

147 2452 158 2475 i
188 2451 365 2474 condottieri
393 2450 452 2482 agli
484 2450 611 2482 stipendi
643 2451 671 2473 (li
705 2450 896 2474 Ferdinando.
942 2449 982 2473 La
1002 2457 1051 2474 sua

148 2495 209 2518 vita
229 2493 297 2517 offre
317 2493 502 2517 coincidenze
520 2494 574 2517 tali
594 2492 623 2516 di
644 2493 742 2517 eventi
762 2493 798 2517 da
825 2493 901 2517 farlo
929 2494 1051 2517 ritenerc

148 2542 206 2559 uno
226 2535 272 2559 dei
293 2535 486 2566 protagonlsti
506 2534 686 2558 dell‘assedio
707 2540 763 2558 non
783 2534 846 2558 solo
866 2542 914 2566 per
935 2534 957 2558 il
979 2534 1052 2558 fatto

147 2578 198 2603 che
217 2585 264 2602 era
284 2579 356 2602 duce
375 2578 406 2602 di
419 2579 520 2602 armati
537 2577 581 2601 del
596 2577 638 2601 Re
653 2577 682 2601 di
698 2577 814 2609 NapoH,
830 2577 922 2601 allora
937 2578 967 2600 in
987 2577 1050 2609 lega

149 2621 194 2645 col
213 2619 299 2653 Papa,
319 2627 363 2644 ma
378 2621 466 2644 anche
480 2619 582 2652 perche
594 2619 609 2644 e
623 2620 730 2644 Punico
745 2620 926 2644 condottiero
941 2619 1051 2644 celebre

150 2664 226 2689 della
245 2671 295 2688 sua
321 2662 454 2696 samiglia
473 2664 523 2688 che
542 2664 625 2688 abbia
647 2665 756 2688 vissuto
769 2664 800 2687 in
820 2663 918 2695 quello
939 2664 1051 2687 scorcio

151 2708 179 2732 di
200 2707 304 2732 secolo.

238 2749 249 2765 ³
269 2749 415 2774 Giovanni
444 2750 601 2774 Franccsco
621 2749 663 2774 de'
688 2749 861 2781 Conteguidi
890 2749 924 2773 da
945 2749 1052 2781 Bagno,

151 2793 232 2825 figlio
253 2793 297 2818 del
318 2796 402 2818 conte
421 2792 527 2821 Guido.
548 2791 653 2817 benche
675 2793 749 2817 fosse
769 2793 800 2816 ln
822 2791 961 2816 Mantova
981 2798 1051 2815 ono-

151 2839 216 2862 rnto
236 2837 281 2862 dai
313 2837 456 2870 Gonzaga,
485 2837 565 2861 cerco
594 2837 768 2860 nondimeno
796 2843 848 2859 con
878 2835 898 2859 il
920 2835 1052 2859 mcsticro

152 2879 293 2904 dell'armi
314 2880 340 2903 la
368 2887 417 2903 sua
449 2880 572 2903 fortuna.
612 2879 687 2910 l‘apa
710 2879 788 2902 Sisto
809 2877 845 2901 IV
867 2877 907 2909 gli
929 2877 1011 2901 (liede
1033 2877 1053 2900 il

153 2921 296 2946 comando
316 2923 346 2946 di
367 2928 419 2954 400
446 2922 519 2946 fanti
547 2928 562 2945 e
587 2920 616 2944 di
645 2926 680 2952 70
698 2920 818 2950 nomini,
845 2926 860 2943 e
888 2921 1054 2951 conquesto

155 2965 278 2990 servizio
298 2963 383 2998 passo
410 2964 467 2990 alla
487 2965 513 2989 S.
534 2964 603 2989 Sede
623 2962 826 2995 (Gntunnim.
853 2963 950 2986 Btoria
962 2969 1057 2994 genea-

153 3009 238 3041 logica
258 3007 326 3032 acue
337 3007 469 3039 samiglle
497 3007 582 3031 nobili·
608 3006 720 3030 Tantane
739 3005 772 3028 ed
799 3005 902 3036 Undae,
930 3004 1057 3033 Firenze,

1099 1561 1180 1592 1688,
1200 1561 1222 1592 1,
1245 1564 1316 1594 145).

1188 1603 1197 1618 ⁴
1219 1604 1264 1628 Ad
1295 1611 1341 1628 an.
1370 1610 1437 1636 1474
1468 1604 1534 1628 haec
1563 1603 1662 1636 Scipio
1682 1602 1867 1626 Admiratus:
1890 1601 1914 1625 Il
1934 1602 2007 1633 Papa

1096 1647 1220 1677 sale-gnato
1239 1646 1284 1669 clze
1303 1646 1411 1669 Niccola
1436 1645 1529 1669 Vitelli
1546 1652 1597 1669 non
1618 1645 1739 1668 lasciasse
1757 1647 1864 1668 entrare
1888 1645 1918 1668 in
1936 1644 2007 1667 Cittd

1098 1689 1127 1711 di
1150 1688 1260 1712 Castelta
1276 1689 1321 1720 gli
1338 1689 1429 1716 asciti,
1449 1688 1544 1711 mandi)
1557 1694 1607 1711 con
1621 1687 1644 1710 le
1656 1686 1736 1717 forze
1755 1694 1800 1710 sue
1825 1694 1838 1709 e
1856 1694 1903 1710 con
1917 1686 2002 1717 quelle

1099 1730 1142 1753 del
1159 1738 1187 1753 re
1207 1730 1390 1758 Ferdtnando,
1407 1738 1453 1753 con
1467 1731 1513 1753 cui
1524 1737 1602 1753 aveva
1614 1732 1708 1753 stretta
1726 1729 1848 1753 amicizia
1861 1731 2004 1756 contratta,

1099 1772 1229 1796 l'esercito
1248 1773 1355 1797 intorno
1380 1772 1450 1796 Cittd
1469 1773 1500 1796 di
1522 1772 1645 1800 Castello,
1665 1772 1771 1803 quanda
1795 1770 1903 1795 Niccolb
1928 1771 2009 1794 uscito

1099 1821 1146 1837 con
1159 1814 1182 1837 le
1194 1821 1239 1838 sue
1254 1815 1333 1846 genti
1344 1822 1359 1837 a
1373 1816 1468 1845 tempo,
1487 1813 1532 1837 che
1552 1813 1637 1844 quelli
1654 1814 1684 1837 di
1694 1812 1779 1843 fuori
1795 1815 1888 1836 stavan
1918 1814 2008 1843 sprev-

1098 1857 1292 1884 vedutamente,
1305 1856 1365 1886 fece
1391 1857 1422 1879 di
1446 1857 1512 1884 loro,
1538 1864 1551 1879 e
1571 1856 1779 1880 massz'mamente
1804 1855 1845 1878 de'
1867 1855 1928 1886 capi
1952 1862 2007 1878 una

1098 1899 1202 1930 grande
1222 1900 1363 1927 accisione,
1381 1907 1394 1922 e
1412 1907 1429 1922 a
1447 1899 1607 1923 salvamento
1627 1900 1663 1922 ω’
1685 1900 1744 1923 suoi
1756 1898 1826 1922 nella
1844 1898 1909 1922 cited
1928 1897 1954 1920 si
1970 1897 2009 1920 ri-

1101 1941 1177 1964 dusse
1190 1941 1253 1973 (M).

1191 1983 1201 1998 ὓ
1223 1985 1301 2008 Cron.
1313 1985 1360 2008 cit.
1372 1983 1401 2008 di
1414 1983 1527 2008 Pm'rno
1539 1983 1665 2008 Anemo
1679 1989 1710 2007 m
1725 1983 1895 2013 Gmwxmu,
1915 1989 1941 2014 p.
1954 1987 2004 2013 90:

1106 2030 1117 2039 *¹
1131 2026 1156 2049 A
1177 2025 1205 2050 di
1227 2033 1260 2058 24
1279 2028 1390 2059 giugno
1409 2027 1434 2051 el
1455 2027 1600 2051 cardinale
1622 2028 1655 2051 de
1674 2027 1702 2051 S.
1722 2026 1820 2050 Pietro
1841 2026 1871 2049 in
1886 2023 2005 2048 Vinculi

1106 2072 1117 2081 ‘⁴
1131 2069 1269 2093 condusse
1289 2069 1310 2092 il
1330 2075 1430 2102 campo
1449 2077 1463 2093 a
1485 2069 1511 2092 la
1532 2067 1613 2093 Citta
1633 2069 1662 2092 di
1683 2066 1812 2093 castello
1833 2075 1882 2101 per
1902 2066 2009 2091 dissare

1107 2112 1119 2124 ‘¹
1133 2119 1220 2135 meser
1239 2111 1345 2136 Nicolb
1365 2111 1500 2136 Vitelozo
1512 2131 1534 2143 υ.

1193 2152 1204 2168 ⁶
1231 2154 1349 2178 Iacobus
1376 2153 1538 2178 Minutulus
1558 2154 1702 2182 Lucensis,
1722 2153 1873 2185 episcopus
1893 2151 2010 2175 Nuceri-

1106 2203 1166 2226 nuS,
1186 2196 1220 2220 de
1239 2204 1296 2227 quo
1317 2196 1466 2228 Ughellius
1485 2197 1540 2221 ait:
1564 2196 1575 2208 ‘⁴
1590 2196 1678 2220 Natus
1698 2197 1739 2220 est
1759 2194 1911 2219 Francisco
1932 2195 2011 2226 patre

1107 2238 1119 2250 “
1134 2239 1236 2269 nobili,
1256 2246 1287 2262 ac
1308 2241 1471 2271 pervetusta
1486 2238 1598 2262 familia
1614 2237 1768 2266 Minutula,
1796 2239 1885 2261 matre
1899 2235 2011 2268 Marga-

1107 2280 1119 2292 ‘¹
1132 2281 1196 2308 rita,
1217 2281 1342 2305 faemina
1357 2288 1443 2313 aeque
1458 2281 1560 2309 nobili,
1574 2287 1651 2305 anno
1668 2287 1734 2312 1434
1749 2281 1818 2303 etc.:
1838 2287 1853 2303 a
1867 2278 2011 2311 Stephano

1108 2323 1119 2335 ‘¹
1133 2324 1238 2348 'rr-enta
1252 2324 1387 2356 episcopo
1402 2323 1523 2347 Lucensi
1538 2323 1690 2347 ordinibus
1704 2322 1864 2346 minoribus
1879 2321 2012 2345 initiatus

1109 2366 1120 2377 “
1132 2368 1174 2390 est
1188 2366 1404 2397 decimoquarto
1419 2366 1522 2390 aetatis
1535 2372 1621 2394 anno,
1636 2365 1666 2388 in
1682 2364 1900 2388 humanioribus
1919 2363 2012 2387 literis

1108 2408 1202 2433 “satis
1223 2411 1359 2439 versatus,
1379 2408 1530 2441 pontificio
1549 2415 1581 2432 ac
1601 2414 1730 2431 caesareo
1758 2407 1814 2431 iuri
1829 2413 1942 2439 operam
1966 2413 2013 2429 na-

1109 2451 1121 2463 “
1134 2458 1204 2475 vans
1223 2453 1342 2482 utraque
1368 2451 1464 2475 laurea
1490 2450 1648 2482 insignitus
1667 2451 1743 2480 est,„
1771 2449 1838 2472 inde
1861 2448 2013 2472 ostendens

1106 2493 1233 2517 eiusdem
1253 2493 1284 2517 in
1304 2493 1388 2517 civili
1409 2492 1600 2525 prudentiam,
1619 2499 1651 2516 ac
1671 2491 1792 2515 bellicae
1812 2491 1906 2514 laudis
1926 2490 2013 2514 disci-

1108 2535 1226 2568 plinam,
1247 2536 1389 2567 sequitur:
1412 2534 1425 2547 “
1438 2534 1507 2559 Post
1526 2534 1632 2558 bellum
1654 2534 1837 2558 Ariminense
1860 2532 2013 2556 Poenitcn-

1109 2578 1121 2590 ‘¹
1133 2578 1237 2603 tiariae
1256 2578 1445 2611 Apostolicae
1465 2577 1645 2607 secretarius,
1664 2583 1814 2608 comesque
1835 2576 1909 2600 sacri
1930 2575 2012 2600 Late-

1110 2621 1123 2633 “
1135 2621 1264 2645 ranensis
1276 2621 1383 2645 Palatii
1397 2627 1413 2645 a
1426 2621 1517 2645 Paulo
1533 2620 1634 2650 factus,
1655 2619 1705 2643 sub
1725 2618 1809 2643 Sixto
1826 2620 1928 2650 quarto
1942 2617 2014 2650 Spo-

1110 2665 1185 2689 “leti
1204 2665 1395 2697 gubernator;
1411 2664 1601 2697 Tiphernates
1615 2670 1647 2687 ac
1664 2662 1824 2687 Flaminiae
1839 2661 1963 2694 populos
1977 2661 2013 2685 ad

1110 2707 1329 2732 “obedientiam
1356 2707 1502 2731 Romanae
1527 2706 1609 2730 Sedis
1636 2705 1751 2730 reduxit
1770 2712 1879 2729 summa
1905 2704 2013 2728 civium

1111 2749 1338 2783 “gratulatione‚
1366 2749 1441 2773 unde
1469 2748 1569 2773 Slxtus
1597 2748 1631 2772 ad
1663 2748 1835 2772 Nucerinum
1863 2747 2012 2771 ecelesiam

1111 2794 1122 2805 ‘¹
1135 2794 1232 2818 evexit
1252 2795 1341 2824 etc.„.
1379 2792 1437 2817 Hac
1457 2792 1609 2816 occasione
1628 2791 1733 2816 cecinit
1753 2790 1859 2815 Ursus:

1198 2890 1244 2913 Ad
1261 2888 1382 2913 Iacobum
1401 2888 1542 2912 Lucensem
1561 2888 1708 2920 episcqpum
1727 2886 1914 2910 Nucerinum.-

1185 2960 1323 2992 Spoletina
1342 2967 1429 2983 meum
1447 2961 1518 2983 tenet
1534 2965 1587 2984 arx
1598 2959 1701 2984 turrita
1719 2957 1846 2985 sodalem,

1220 3002 1270 3026 Est
1288 3002 1358 3026 mihi
1375 3010 1446 3026 nunc
1461 3003 1587 3034 princeps
1604 3004 1665 3026 ante
1683 3000 1781 3025 sodalis
1797 3003 1865 3026 erat·

240 3126 260 3151 l.
279 3124 296 3150 6
316 3126 431 3151 auratus
452 3124 486 3155 A,
505 3131 532 3156 p.
552 3129 594 3148 20.
615 3135 647 3141 -—·
667 3122 684 3146 l.
708 3127 737 3153 ¹7
759 3120 878 3146 Laena
907 3121 936 3150 T,
957 3128 979 3145 c.
1000 3119 1061 3153 679.
1081 3132 1115 3138 —
1134 3121 1153 3145 l.
1174 3126 1205 3145 21
1229 3119 1372 3152 Georgius
1393 3119 1432 3147 A,
1452 3126 1479 3151 p.
1500 3124 1542 3142 21.

1672 539 1816 571 Carolus
1834 538 2006 570 Plananus
2031 537 2239 556 lohannesGonza-

2055 569 2092 587 κει,
2127 564 2239 583 lohannes

2055 591 2186 613 Baginensis.
2193 591 2239 610 An-

2055 617 2130 636 tonius
2166 618 2237 636 Pom-

2056 644 2169 668 piliensis,
2198 644 2240 663 Ca·

2057 670 2119 690 tolus
2161 670 2240 690 Plana-

2051 703 2101 721 nus¹
2138 697 2239 716 Lauren-

2051 724 2097 743 tius
2118 724 2226 743 lustinus.

2027 1368 2246 1392 lacobusLucensiS,

2056 1396 2145 1419 Gaspar
2166 1395 2248 1415 Nardi-

2056 1428 2106 1445 nus,
2136 1423 2248 1446 Georgius

2057 1449 2186 1468 Massurius.

2037 1734 2072 1759 40

2038 1944 2071 1969 45

2039 2159 2074 2184 50

2042 2368 2074 2393 55

2041 2575 2076 2601 60
