2388 3439
107 1333 125 1365 5

89 1600 128 1632 10

90 1867 127 1898 15

91 2404 131 2436 25

650 729 705 753 AD
723 727 948 754 ILLUSTREM
967 727 1187 752 ROBERTUM
1206 724 1476 750 MALATESTAM
1493 711 1499 730 Ι

740 832 930 855 ROBERTUS
954 832 1066 854 URSUS
1091 830 1327 853 ARIMINENSIS

538 926 621 961 DE
664 922 1054 959 OBSIDIONE
1096 920 1617 957 TIPHERNATUM

420 1127 611 1151 ERSUADEO
629 1117 732 1149 facile
750 1116 843 1153 mihi,
858 1115 1011 1148 Roberte
1027 1115 1220 1152 Malatesta‚
1238 1114 1391 1146 libellum
1410 1115 1500 1145 hunc
1518 1113 1579 1146 tibi
1597 1123 1665 1145 non
1682 1111 1903 1145 iniocundum
1925 1111 2011 1143 fore.

437 1172 518 1210 Qui,
542 1177 579 1203 ut
602 1171 637 1202 in
661 1170 819 1213 legendis
843 1176 996 1201 veterum
1021 1168 1202 1200 annalibus
1226 1168 1408 1210 plurimum
1433 1167 1565 1210 vigilas,
1591 1167 1636 1198 ita
1661 1166 1750 1198 omni
1769 1165 1881 1197 studio
1905 1165 2010 1197 nostri

437 1226 600 1267 temporis
625 1225 782 1256 historias
807 1223 955 1255 libenter
979 1223 1147 1265 exquiris:
1172 1228 1206 1254 et
1231 1222 1321 1253 hunc
1339 1232 1380 1253 eo
1397 1220 1458 1253 tibi
1483 1221 1719 1253 iucundiorem
1746 1220 1820 1251 fore
1846 1219 2011 1255 existimo,

439 1279 532 1322 quod
557 1279 591 1310 in
615 1279 700 1320 ipso,
733 1288 801 1309 non
833 1277 897 1308 nisi
933 1276 1106 1312 tumultus,
1136 1275 1324 1312 machinas,
1355 1285 1513 1318 aggeres,
1542 1274 1662 1316 prelia,
1694 1278 1937 1315 strategemata
1975 1277 2009 1303 et

150 1333 286 1366 demum
319 1344 387 1366 non
419 1334 482 1365 nisi
515 1343 603 1364 nova
636 1330 818 1363 cuiuslibet
848 1331 987 1374 generis
1018 1335 1187 1362 tormenta
1215 1328 1348 1361 videbis
1380 1335 1414 1361 et
1449 1328 1579 1360 audies.
1619 1326 1732 1364 Quale
1765 1327 1855 1359 enim
1887 1326 2011 1368 cuique

150 1387 324 1430 ingenium
351 1393 412 1424 est,
443 1386 572 1429 pariter
597 1385 691 1417 illum
716 1395 818 1427 quam
850 1384 1020 1415 simillima
1044 1383 1184 1426 ingenio
1216 1382 1402 1414 delectant.
1430 1381 1540 1424 quue
1565 1381 1609 1413 de
1634 1387 1667 1413 te
1693 1379 1880 1412 coniectari
1912 1388 2012 1420 posse

151 1440 308 1478 arbitror,
333 1440 426 1483 quod
451 1441 486 1472 in
511 1440 589 1483 equi
613 1439 845 1482 generositate
871 1438 1029 1482 predicat
1052 1436 1170 1468 Maro:
1194 1435 1235 1468 Si
1249 1435 1350 1480 forte
1365 1447 1479 1467 sonum
1506 1435 1628 1478 procul
1649 1445 1746 1466 arma
1770 1434 1904 1470 dedere,
1918 1437 2011 1464 stare

151 1495 221 1527 loco
245 1495 357 1535 nescit,
390 1495 493 1526 micat
523 1494 659 1525 maribus
691 1497 723 1524 ct
748 1493 866 1524 tremit
890 1496 995 1527 artus,
1020 1491 1256 1532 collectumque
1281 1493 1442 1533 premens
1474 1489 1579 1520 volvit
1609 1489 1666 1520 sub
1690 1488 1827 1519 naribus
1858 1487 1975 1529 agnem
1990 1484 2013 1517 ².

151 1546 303 1592 Prgclari
329 1558 410 1579 sane
443 1547 535 1579 bello
567 1547 629 1578 viri
662 1546 742 1580 tube
768 1545 930 1577 libentius
955 1545 1153 1588 clangorem
1186 1554 1288 1586 quam
1321 1543 1463 1586 cythare
1489 1552 1611 1574 suaves
1635 1540 1755 1573 modos
1778 1539 1898 1572 audire
1920 1549 2013 1571 ‹con-

151 1607 302 1637 suerunt‚
327 1601 408 1633 licet
431 1599 617 1632 relaxan'di
642 1600 745 1631 animi
777 1599 887 1642 gratia
919 1599 985 1630 illis
1017 1608 1244 1640 sepenumero
1279 1597 1515 1640 indulgeatur:
1548 1596 1595 1627 ita
1626 1594 1789 1627 Cesarem
1821 1599 1856 1625 et
1881 1591 2016 1634 Scipia-

152 1654 215 1686 das
238 1654 403 1697 geminos‚
434 1655 482 1686 ita
517 1654 681 1690 Hectora,
717 1652 961 1694 Achillemque
998 1662 1075 1684 cum
1107 1651 1229 1693 priscis
1260 1649 1433 1687 heroibus,
1464 1649 1581 1682 solitos
1612 1653 1812 1680 memorant.
1860 1645 2015 1684 Quorum

150 1713 187 1740 tu
211 1707 347 1740 assidue
374 1707 476 1740 fortia
502 1708 596 1739 facta
621 1713 655 1739 et
678 1707 766 1750 legis
791 1712 825 1738 et
849 1706 1001 1742 imitaris,
1026 1711 1188 1747 expertus
1205 1704 1407 1746 frequenter
1430 1703 1543 1735 varias
1575 1701 1742 1734 bellorum
1767 1701 1878 1736 vices3
1903 1705 1938 1731 et
1962 1698 2014 1731 bis

151 1759 330 1793 obsidione
355 1761 643 1797 circumvallatus,
679 1760 789 1792 Phani
815 1760 948 1792 scilicet
972 1765 1074 1801 atque
1100 1758 1263 1790 Arimini:
1300 1757 1362 1789 sed.
1393 1763 1429 1789 ut
1460 1755 1674 1788 ariminensis
1705 1754 1822 1786 durior
1846 1753 1957 1785 extitit
1984 1757 2019 1784 et
2043 1751 2113 1771 Pham
2129 1749 2225 1772 0b⁵³d‘0·

150 1813 352 1849 diuturnior,
392 1816 440 1847 sic
476 1814 598 1847 eadem
631 1821 749 1856 postea
781 1814 900 1846 maiori
934 1813 1055 1845 fenore
1087 1812 1147 1844 tibi
1181 1812 1317 1844 laudem
1341 1811 1554 1854 gloriamque
1587 1808 1808 1850 comparavit.
1857 1805 2016 1844 'Quando

152 1868 302 1909 quidem,
328 1868 384 1900 ubi
410 1869 502 1912 regis
526 1868 737 1900 Ferdinancli
764 1868 874 1911 copie,
889 1866 952 1898 sub
976 1867 1082 1898 ductu
1099 1866 1276 1897 Frederici
1302 1864 1481 1896 Urbinatis
1504 1862 1721 1905 imperatoris
1734 1860 1920 1897 fortissimi,
1937 1858 2016 1891 sub-

150 1921 238 1953 sidio
262 1928 319 1953 tuo
343 1921 529 1955 advenere.
554 1922 735 1953 confestim
756 1920 852 1952 Pauli
871 1920 1013 1953 secundi
1032 1920 1203 1962 pontificis
1219 1919 1355 1950 maximi
1373 1917 1544 1950 exercitus
1567 1915 1612 1948 ab
1630 1915 1785 1947 Arimino
1802 1913 2017 1945 obsidionem

152 1974 322 2007 dissolvit:
349 1982 381 2007 et
407 1976 440 2007 in
465 1976 637 2017 proximos
662 1975 779 2008 colles,
805 1985 872 2006 non
897 1974 1043 2016 amplius
1059 1974 1151 2005 mille
1174 1983 1332 2014 passuum
1359 1971 1469 2013 spatio
1493 1970 1538 2002 ab
1563 1969 1702 2011 oppido,
1727 1978 1914 2000 secessere.
1960 1966 2016 1997 Tu

154 2034 266 2060 autem
292 2029 416 2060 civium
449 2035 581 2061 tuorum
614 2029 793 2070 patrieque
827 2028 1036 2060 teterrimam
1063 2027 1303 2058 condicionem
1327 2025 1506 2057 miseratus
1531 2023 1687 2059 statuisti,
1718 2027 1777 2053 aut
1806 2020 1851 2052 ab
1876 2020 1928 2051 his
1958 2030 2018 2051 an-

152 2082 273 2125 gustiis
298 2082 416 2113 urbem
441 2081 600 2119 liberare,
624 2088 682 2114 aut
706 2088 800 2114 certe
826 2081 1033 2113 occumbere
1050 2081 1160 2112 morti.
1202 2079 1336 2111 Paucos
1352 2079 1456 2122 igitur
1479 2083 1556 2120 post
1579 2076 1665 2114 dies,
1689 2082 1747 2108 tuo
1771 2080 1847 2106 astu
1874 2073 2017 2106 consilio

154 2136 300 2177 impulsu
324 2143 426 2179 atque
451 2137 575 2172 animo,
599 2147 739 2168 romana
757 2142 868 2168 castra
893 2136 1029 2177 penitus
1045 2135 1189 2166 disiecta
1214 2139 1301 2170 sunt,
1325 2132 1480 2175 quamvis
1504 2131 1562 2163 illa
1582 2131 1684 2173 longe
1713 2129 1842 2160 maiora
1859 2127 2015 2171 iugisque

155 2189 391 2222 munitioribus
419 2191 528 2232 posita
546 2190 701 2227 fuissent,
719 2201 783 2222 nec
801 2190 895 2232 prius
911 2190 968 2231 qui
987 2195 1080 2221 tante
1099 2188 1190 2220 cladi
1208 2187 1453 2229 superfuerunt
1476 2197 1496 2217 a
1520 2184 1679 2227 precipiti
1706 2183 1788 2226 fuga
1808 2181 2015 2217 abstinuere,

155 2253 257 2285 quam
274 2243 309 2274 in
326 2249 496 2275 extremos
520 2244 673 2276 Forilivii
699 2243 983 2285 Ravennatisque
1008 2242 1081 2285 agri
1107 2242 1193 2273 fines
1217 2251 1252 2273 se
1285 2250 1474 2282 recepere;
1506 2237 1582 2270 rari'
1615 2237 1750 2269 Cesene
1776 2234 1932 2267 menibus
1957 2234 2011 2265 vix

156 2307 191 2329 se
217 2297 361 2329 credere
386 2298 457 2329 ausi
484 2304 571 2329 sunt.
610 2297 738 2329 Fuerat
762 2297 921 2339 profecto
938 2297 994 2328 lux
1012 2296 1070 2327 illa
1094 2301 1144 2327 tot
1168 2293 1419 2327 calamitatibus
1443 2292 1580 2324 modum
1605 2290 1814 2332 impositura,
1840 2289 1866 2320 si
1891 2298 1960 2320 non
1983 2287 2019 2319 in

155 2351 269 2383 medio
295 2351 483 2383 felicissimi
509 2361 688 2383 successus
712 2351 759 2383 tui
784 2350 829 2382 ab
853 2351 1059 2392 imperatore
1085 2349 1208 2380 fuisses
1240 2353 1431 2380 revocatus.
1478 2346 1589 2388 Capta
1620 2351 1735 2377 tamen
1767 2354 1808 2375 eo
1840 2343 1875 2374 in
1906 2342 2016 2384 prelio

156 2404 310 2447 peditum
335 2404 403 2437 duo
428 2405 544 2442 millia,
569 2405 702 2447 equites
727 2404 970 2447 quadringenti
997 2409 1040 2441 et,
1066 2414 1143 2435 cum
1169 2402 1314 2434 hostium
1339 2399 1592 2442 impedimentis
1615 2404 1718 2441 atque
1744 2396 1921 2429 tormentis
1944 2395 2018 2437 qui-

157 2458 379 2501 buscumque,
404 2459 502 2502 signa
525 2469 662 2501 quoque
687 2459 847 2490 militaria
878 2458 1002 2490 omnia.
1049 2456 1102 2488 Ex
1126 2457 1191 2488 hac
1216 2455 1370 2492 victoria,
1394 2460 1452 2487 tuo
1477 2460 1575 2496 parta
1600 2452 1735 2488 sudore,
1760 2449 1858 2483 nobis
1883 2450 2020 2482 fortuna

157 2513 192 2544 in
215 2512 290 2545 dies
314 2523 450 2554 semper
473 2512 602 2545 arrisit:
627 2512 808 2554 mitiusque
835 2511 1012 2544 nobiscum
1038 2510 1220 2552 probitate,
1244 2515 1347 2551 atque
1373 2519 1478 2550 opera
1502 2514 1560 2540 tua
1583 2513 1696 2538 actum
1722 2511 1783 2541 est,
1815 2514 1916 2547 quam
1945 2503 2019 2545 qui-

158 2577 276 2609 squam
301 2576 450 2608 unquam
467 2571 560 2598 ratus
577 2566 707 2597 fuisset.
747 2565 884 2598 Mortuo
901 2575 1048 2607 namque
1066 2562 1299 2606 superioribus
1315 2562 1414 2594 annis
1430 2561 1612 2593 Malatesta
1629 2558 1798 2591 Novello³
1813 2563 1934 2599 patruo
1951 2562 2019 2594 tuo,

159 2619 285 2652 deinde
311 2618 531 2663 Sigismundo
556 2618 797 2661 'Pandulpho⁴
820 2619 987 2661 genitore,
1013 2618 1155 2659 collapsi
1181 2616 1459 2658 consternatique
1488 2620 1586 2646 erant
1608 2611 1875 2645 Ariminensium
1906 2610 2021 2647 animi,

247 2748 256 2765 ²
276 2750 416 2774 Robcrtus
436 2750 491 2779 hic,
506 2749 640 2774 dominus
653 2750 681 2774 et
695 2755 787 2773 comes
804 2748 1008 2776 Arlmlnensss,
1028 2748 1064 2772 ob
1119 2749 1172 2772 hoc
1200 2747 1341 2772 disticho:
1371 2746 1437 2769 Sum
1465 2745 1656 2775 Sx'gx'smundus
1682 2743 1836 2767 Matatestae
1856 2751 1870 2766 ε
1887 2741 2019 2773 sanguine

157 2793 247 2818 anlml
267 2793 495 2825 magnitudinem
516 2794 696 2825 nuncupatus
716 2794 757 2816 est·
777 2791 800 2814 il
818 2791 966 2823 Alagmfico
985 2790 1046 2822 (M).
1116 2789 1212 2821 gentis.
1223 2787 1398 2819 Panduzphus
1408 2787 1515 2819 genitor
1523 2786 1617 2818 patria
1631 2785 1766 2809 Flaminia
1778 2787 1823 2808 est.
1862 2784 1948 2808 Plura
1959 2783 2019 2816 epl-

247 2833 257 2850 ἵ
278 2835 403 2865 Vnum„
425 2834 531 2867 Georg„
551 2842 566 2867 3
587 2833 649 2866 (M).
1118 2833 1276 2863 grammata
1295 2831 1409 2863 scripslt
1424 2830 1511 2854 Ursus
1525 2829 1555 2853 in
1570 2836 1642 2858 eum,
1655 2829 1738 2859 atquc
1753 2827 1783 2851 ln
1797 2827 1915 2851 Isottam
1930 2833 2019 2850 suam.

246 2875 258 2892 ³
277 2877 358 2902 Obiit
378 2877 528 2902 Malatesta
540 2876 688 2905 Nox-ellus,
703 2876 818 2900 Pisauri
832 2875 976 2906 dominus,
991 2875 1064 2899 Pan·
1120 2875 1161 2898 De
1181 2873 1217 2897 lis
1238 2873 1393 2905 plurimum
1415 2871 1551 2896 disserere
1565 2869 1674 2903 placuit
1697 2868 1893 2894 eruditissimo
1918 2868 2019 2892 comiti

159 2920 260 2953 dulphl
280 2919 364 2946 filius.
376 2926 453 2944 anno
476 2925 542 2951 ¹4²9
562 2918 624 2950 (M).
1118 2915 1222 2939 Ioanni
1233 2914 1341 2939 Marlae
1351 2913 1552 2943 Mazuchclsso,
1569 2912 1672 2944 quibus
1686 2911 1819 2936 omnibus
1838 2910 1961 2935 adlicere
1976 2910 2018 2934 sas

246 2960 256 2977 ⁴
275 2961 475 2994 sigismundus
502 2961 687 2993 Pandulphus
711 2960 787 2984 diem
812 2967 892 2984 suum
916 2959 991 2984 obiit
1017 2967 1063 2984 an.
1118 2960 1159 2982 cst
1186 2958 1244 2982 alia
1263 2957 1469 2990 epigrammata
1490 2956 1520 2980 in
1540 2955 1668 2984 Isottam,
1695 2961 1765 2986 quae
1792 2960 1857 2977 mss.
1883 2953 2019 2985 leguntur

161 3003 237 3036 1468,
251 3005 431 3037 sepultusque
445 3006 486 3028 est
511 3004 541 3027 in
555 3003 663 3036 templo
679 3003 782 3036 maJorl
797 3002 977 3027 Ariminensi
1000 3009 1062 3026 cum
1119 3001 1149 3024 ln
1169 3000 1292 3032 quodam
1313 2999 1412 3024 codice
1431 2998 1596 3023 Stroctiano
1616 2997 1679 3029 (M).

251 3120 269 3144 1.
291 3127 302 3144 x
324 3120 370 3144 Ar>
389 3125 553 3145 mus‘rsssm
574 3120 608 3149 A,
627 3125 654 3152 p.
674 3126 706 3150 9:
733 3119 762 3147 T,
782 3126 804 3142 c.
825 3117 884 3150 671.
905 3131 938 3136 --
959 3118 977 3142 1.
998 3125 1014 3149 4
1033 3117 1211 3142 Pzasumsso
1232 3116 1265 3144 A.
1285 3123 1313 3148 p.
1335 3122 1375 3140 10.
1396 3128 1429 3133 —
1450 3114 1468 3139 1.
1492 3121 1524 3139 ro
1544 3114 1584 3138 -di
1610 3113 1700 3138 anlml
1726 3113 1754 3143 T,
1775 3120 1797 3137 c.
1817 3110 1877 3144 67².
1897 3125 1929 3129 —
1951 3111 1968 3135 l.
1992 3117 2022 3143 14

163 3163 286 3193 Quando
306 3163 339 3193 A,
359 3171 385 3197 p.
409 3170 447 3187 11.
468 3176 500 3182 —·
520 3164 539 3188 1.
560 3169 591 3187 22
615 3162 721 3187 Cesene
748 3162 777 3192 T,
795 3169 819 3186 c.
839 3160 901 3194 673.
922 3175 954 3179 —
975 3161 993 3186 1.
1017 3168 1050 3194 29
1070 3160 1241 3194 pandulpho
1261 3161 1295 3189 A,
1316 3167 1341 3192 p.
1366 3165 1405 3184 12.

2068 1777 2172 1798 Arimini.

2042 2125 2175 2150 Profligatio
2202 2131 2255 2150 gen-

2065 2152 2121 2172 tium
2131 2152 2254 2173 Ecclesiae.

2037 2232 2172 2254 Forliviurn.
2213 2232 2255 2251 Ra—

2063 2265 2146 2281 venna,
2156 2259 2254 2279 Cesena.

2043 2555 2058 2575 S
2067 2554 2107 2579 igi
2117 2560 2127 2574 s
2136 2560 2177 2574 mu
2186 2553 2256 2574 ndus

2071 2581 2255 2606 Pandulphus.

2071 2607 2193 2628 Mutatur·
2211 2608 2257 2627 No-

2070 2634 2150 2655 vellus.

2051 2832 2082 2849 10
