2388 3439
107 826 144 857 10

107 1092 144 1124 15

97 1360 146 1392 '20

94 1998 147 2031 *30

106 2265 147 2298 35

115 2813 147 2831 10

116 3021 145 3047 ¹5

694 220 766 256 DE
794 218 1075 256 OBSIDIONE
1102 214 1495 253 TIPHERNATUM

169 346 289 379 altiora
321 347 385 377 iam
418 345 597 379 meditans,
622 344 706 376 civis
737 343 865 385 optimi,
890 342 1005 373 militis
1028 347 1130 383 atque
1163 339 1339 372 dictatoris
1363 349 1484 369 munus
1516 337 1655 380 egregie
1684 334 1811 367 obibat.
1858 333 2020 365 Deiectus

169 400 277 442 primo
302 410 408 431 novos
433 399 557 441 coegit,
583 405 616 430 et
640 408 707 439 quo
725 397 859 439 longius
877 396 991 427 hostes
1007 395 1196 430 distineret‚
1214 392 1375 424 suburbia
1391 392 1503 423 omnia
1520 390 1649 432 absque
1675 389 1862 430 cuiuspiam
1880 386 2021 429 querela

170 453 323 485 funditus
348 453 487 484 evertit:
513 452 708 493 diffisusque
734 450 880 491 propriis
905 448 1043 483 viribus,
1069 448 1196 479 nullum
1225 453 1358 487 tempus
1383 444 1621 486 praetermittit
1649 442 1865 474 Florentinos
1896 440 2021 472 sollici-

170 507 276 543 tandi,
294 517 335 538 eo
352 506 456 548 quod,
480 507 514 537 in
532 503 792 537 condicionibus
816 502 1108 534 confederationis
1133 501 1240 535 Italie,
1265 500 1497 541 Tiphernates
1513 509 1575 539 pro
1592 495 1838 528 adherentibus
1854 494 2023 525 nominas-

168 567 243 591 sent
259 559 278 591 ¹.
311 560 553 601 Exploratores
570 568 677 590 novos
693 558 804 600 signat
818 556 840 591 ²,
856 562 972 598 portas
989 565 1169 596 murosque
1187 554 1372 596 diligenter
1388 552 1553 583 asservari
1579 550 1732 583 instituit.
1763 554 1874 580 certas
1898 547 2021 588 cuique

171 619 286 655 partes
310 613 355 645 ad
379 613 473 645 urbis
497 611 686 645 custodiam
712 610 903 655 prescribit,
934 615 1103 642 tormenta
1127 609 1162 639 in
1187 606 1297 638 muris'
1323 613 1357 638 et
1382 604 1640 647 propugnacula
1672 608 1838 644 oportune
1864 600 2021 635 collocat,

168 667 213 698 ad
237 674 421 709 perpetuas
446 666 590 709 vigiliaS,
614 665 802 697 secundum
827 664 921 695 urbis
953 664 1122 706 regiones,
1147 662 1234 693 intra
1265 661 1376 692 menia
1403 660 1557 691 homines
1583 668 1657 689 esse
1682 656 1786 691 iubet,
1811 654 1923 685 menia
1953 652 2023 684 col-

170 719 264 761 lapsa
288 721 464 756 instaurat,
495 719 642 751 concilia
667 729 771 760 saepe
797 724 1055 758 conventusque
1080 726 1216 747 suorum
1242 715 1336 750 facit,
1361 713 1531 755 stipendia
1560 710 1721 743 militibus
1752 708 1932 741 conductis
1963 717 2023 737 nu-

169 780 287 806 merat.
346 774 385 805 In
415 773 586 805 altissimis
617 771 768 804 turribus
798 771 1032 813 speculatores
1065 780 1139 800 esse
1171 768 1297 804 statuit,
1329 767 1578 809 oppidanorum
1615 764 1814 796 temerarios
1849 761 1958 793 exitus
1989 765 2023 790 et

169 827 380 859 inordinatas
404 827 601 868 eruptiones
617 825 787 867 prohibet,
818 835 965 867 aggeres
981 823 1026 855 ad
1043 823 1194 865 singulas
1211 828 1326 864 portas
1343 820 1530 852 altitudinis
1555 818 1680 860 pedum
1698 815 1894 859 quindecim
1912 813 2022 855 erigit,

169 887 263 912 extra
288 887 426 922 pontem
452 891 534 912 vero
559 880 729 921 triplicem
761 889 923 922 aggerem
958 878 1152 919 fossamque
1185 876 1368 911 constituit,
1400 874 1613 915 prospiciens
1645 882 1686 903 eo
1718 871 1751 902 in
1777 871 1852 901 loco
1879 868 2023 899 hostium

168 934 258 965 vires
282 940 385 977 atque
410 935 556 975 impetus
582 934 724 967 futuros,
748 933 774 964 si
804 931 942 974 quando
960 929 1211 973 expugnandae
1229 929 1322 960 urbis
1347 928 1525 959 consilium
1549 926 1684 957 inirent.
1734 923 1764 955 A
1780 921 1892 965 pon'te
1909 926 2021 953 autem

169 993 203 1019 et
225 997 354 1031 aggere
379 987 517 1029 triplici,
550 987 755 1018 munitiones
780 986 958 1017 continuas
990 984 1132 1016 deducit
1163 982 1207 1014 ad
1239 981 1390 1024 Tyberis
1422 991 1528 1022 usque
1555 979 1690 1015 vadum,
1707 988 1774 1019 qua
1799 977 1909 1007 minus
1933 975 2021 1006 altus

170 1046 253 1078 erat,
278 1051 346 1083 quo
371 1041 589 1083 pistrinorum
614 1050 694 1071 usus
716 1039 752 1070 in
776 1039 852 1080 ripa
877 1038 1026 1070 citeriori
1045 1037 1283 1069 confectorum
1308 1034 1466 1066 necunde
1485 1044 1546 1075 per
1572 1033 1687 1063 hostes
1711 1029 1954 1071 impediretur:
1986 1026 2021 1059 id

169 1093 259 1125 enim
277 1094 371 1126 factu
388 1104 490 1135 quam
509 1093 613 1125 facile
632 1093 705 1127 fuit,
723 1091 897 1135 repagulis
914 1090 1075 1127 discissis,
1089 1089 1212 1132 quibus
1228 1100 1248 1120 a
1265 1099 1325 1120 suo
1350 1098 1450 1119 cursu
1467 1097 1555 1128 aqua
1573 1084 1756 1117 interclusa
1775 1081 2024 1114 continebatur.

168 1145 332 1179 Hortatur
357 1147 458 1179 etiam
484 1147 603 1188 paucis
627 1156 745 1178 omnes
775 1156 819 1177 ne
845 1144 998 1176 adversis
1023 1144 1057 1175 in
1088 1142 1191 1174 rebus
1216 1142 1388 1177 deficiant,
1420 1141 1493 1182 ipse
1519 1138 1636 1170 urbem
1669 1137 1803 1169 assidue
1837 1135 1958 1167 circuit
1990 1140 2025 1165 ut

168 1201 281 1232 omnia
305 1200 430 1237 videat,
454 1211 496 1233 ac
520 1201 593 1232 sine
618 1200 817 1241 interprete,
842 1209 909 1240 que
927 1198 999 1229 usui
1019 1197 1142 1233 forent,
1160 1197 1195 1227 in
1212 1195 1340 1237 oppido
1365 1194 1507 1226 tutando
1533 1193 1698 1234 hosteque
1724 1189 1939 1231 repellendo,
1969 1198 2025 1219 co-

168 1260 322 1297 gnoscat,
347 1260 381 1286 et
404 1265 447 1286 ne
472 1254 621 1296 aliquam
646 1253 864 1285 occasionem
895 1252 944 1283 rei
978 1250 1066 1282 bene
1091 1249 1244 1293 gerende
1270 1248 1530 1290 praetermittat,
1556 1244 1733 1281 incumbit,
1758 1243 1886 1286 vigilat,
1918 1241 2025 1273 medi-

169 1313 268 1340 tatur.
307 1307 351 1339 Et
367 1308 527 1350 quoniam
545 1318 588 1339 ex
604 1307 750 1338 hostiurn
767 1304 989 1347 apparatibus
1005 1304 1165 1336 diuturna
1182 1302 1315 1334 obsidio
1333 1300 1548 1336 censebatur,
1572 1299 1621 1330 rei
1648 1296 1869 1329 frumentarie
1885 1301 2024 1327 ¹mature

170 1361 316 1393 consulit
350 1360 472 1393 decem
497 1360 578 1392 viris
602 1360 718 1392 dando
742 1359 928 1401 negotium,
953 1364 989 1389 ut
1014 1358 1221 1388 frumentum
1250 1354 1343 1397 apud
1367 1355 1518 1396 privatos
1541 1363 1695 1395 quosque
1720 1350 1934 1392 conquirant,
1965 1348 2026 1380 de-

169 1414 388 1457 scribantque
414 1420 636 1456 compertum,
661 1413 939 1455 descriptumque
964 1412 999 1443 in
1016 1410 1190 1453 publicum
1215 1407 1416 1445 conferant,'
1441 1418 1508 1450 quo
1533 1405 1723 1449 praesentis
1748 1404 1921 1447 futurique
1942 1408 2026 1434 tem-

171 1468 264 1510 poris
288 1468 374 1499 ratio
401 1467 577 1499 habeatur.

170 1593 331 1625 Nmouu
358 1592 513 1624 VITELLI
538 1601 773 1625 AUCTORITAS
797 1601 843 1622 ET
867 1600 997 1622 'roTlus
1022 1599 1200 1621 CORPORIS
1224 1598 1379 1621 EIUSDEM
1405 1595 1640 1624 QUALITATES
1664 1594 1710 1617 ET
1735 1594 1825 1616 vxTA
1850 1593 1895 1615 ET
1920 1592 2026 1614 msc1-

262 1656 370 1678 PLLNE
381 1645 404 1677 ³.

258 1731 377 1763 Facile
402 1741 503 1773 porro
529 1731 594 1763 fuit
622 1731 769 1762 Nicolao
793 1729 933 1765 Vitello,
958 1740 1086 1774 summe
1110 1727 1324 1760 liberalitatis
1349 1725 1628 1770 experientigque
1653 1724 1737 1759 viro,
1761 1730 1828 1755 tam
1854 1722 1949 1754 brevi
1967 1722 2027 1753 ho-

171 1785 265 1817 stiles
288 1785 435 1826 impetus
460 1785 614 1818 frenare,
638 1790 708 1816 tum
733 1784 812 1826 quia
837 1783 946 1828 patrie
970 1788 1068 1824 pater
1092 1781 1296 1825 cognomine
1320 1779 1570 1822 appellabatur,
1586 1785 1656 1810 tum
1673 1778 1759 1820 quia
1769 1776 1940 1809 neminem
1966 1776 2024 1807 ha-

172 1837 279 1874 beret,
303 1838 360 1880 qui
386 1848 455 1869 non
479 1837 580 1869 obvio
606 1837 771 1879 obsequio
795 1836 975 1868 momentis
999 1835 1155 1867 omnibus
1180 1835 1252 1866 eius
1266 1834 1437 1865 mandata
1454 1833 1609 1864 certatim
1634 1836 1840 1872 capesseret.
1887 1829 1971 1861 Erat
1993 1829 2021 1859 is

170 1901 279 1923 annos
303 1892 481 1935 sexaginta
505 1898 615 1925 natus,
646 1891 784 1933 paulum
817 1890 1053 1933 lentiginosus,
1085 1889 1120 1920 in
1151 1888 1329 1920 subrufum
1360 1887 1518 1923 tendens,
1557 1896 1664 1918 canus
1695 1884 1740 1916 ob
1763 1890 1921 1915 aetatem.
1951 1883 2024 1914 sine

171 1955 280 1982 coma,
305 1945 396 1977 facie
427 1956 517 1987 pene
549 1945 708 1982 rotunda,
739 1943 929 1976 subalbidis
959 1943 1080 1979 oculis,
1112 1948 1275 1974 venustus
1307 1948 1341 1973 et
1373 1941 1496 1977 facilis,
1535 1946 1569 1971 et
1599 1939 1657 1981 qui
1689 1937 1878 1969 subridenti
1908 1936 2025 1967 similis

171 2009 307 2041 semper
331 1999 516 2036 videretur,
540 1999 678 2041 pinguis
701 2008 767 2030 nec
792 1997 1024 2039 corpulentus,
1050 1997 1198 2028 frontem
1224 1995 1355 2027 habens
1378 1994 1537 2036 amplam.
1570 2003 1712 2034 superos
1739 1991 1861 2023 dentes
1885 1983 2025 2022 scabros

170 2063 236 2085 nec
260 2052 493 2090 indecoroms,
517 2053 633 2095 gravis
650 2052 853 2094 facetusque
870 2062 933 2093 pro
950 2057 1115 2092 tempore,
1132 2050 1177 2081 ad
1194 2050 1278 2081 iram
1295 2059 1401 2085 serus,
1425 2048 1622 2079 iniuriarum
1648 2047 1834 2080 immemor,
1859 2044 1903 2076 ad
1920 2043 2025 2075 cedes

171 2115 344 2148 nunquam
369 2105 541 2147 delapsus,
570 2106 633 2137 nisi
666 2104 798 2137 crebris
821 2105 974 2146 percit-us
997 2104 1139 2139 iniuriis,
1171 2103 1239 2134 rari
1263 2102 1440 2145 quietique
1466 2101 1531 2132 fuit
1554 2099 1730 2135 sermonis,
1761 2098 1853 2130 acuti
1884 2097 2026 2140 ingenii,

170 2169 335 2201 prospere
361 2159 568 2196 valitudinis,
591 2165 741 2191 staturae
773 2158 894 2190 iustam
926 2157 1137 2193 excedentis,
1170 2166 1240 2187 non
1264 2161 1380 2187 erecte
1409 2154 1546 2186 omnino
1571 2153 1727 2189 cervicis,
1754 2151 1843 2183 tardi
1872 2151 2028 2182 incessus

172 2212 448 2255 venerandique3
466 2212 602 2256 integer
618 2223 659 2245 ac
685 2212 882 2244 moderatus
905 2212 1004 2248 adeo,
1029 2217 1066 2243 ut
1089 2211 1123 2242 in
1141 2220 1270 2242 summa
1287 2209 1426 2241 licentia
1451 2218 1493 2239 ex
1508 2207 1620 2251 erario
1637 2205 1776 2248 publico
1793 2205 1829 2237 in
1845 2215 1923 2236 suos
1947 2214 2026 2235 usus

172 2277 215 2298 ne
241 2277 411 2298 nummum
436 2266 575 2308 quidem
593 2275 742 2309 unquam
767 2265 1038 2302 commutaverit,
1055 2264 1116 2296 sed
1135 2264 1346 2296 fortunar-um
1364 2273 1499 2294 suarum
1516 2260 1561 2293 ad
1576 2261 1735 2303 privatas
1751 2259 1914 2291 utilitates
1937 2257 2026 2289 effu-

173 2422 185 2435 “
198 2425 250 2448 ria.
287 2423 322 2448 Et
341 2431 412 2448 anco
432 2423 492 2448 fece
512 2423 570 2447 fare
591 2430 647 2447 uua
666 2421 759 2447 bastin
772 2423 825 2447 ·nel
839 2423 946 2455 poggio
966 2423 1065 2446 incon-

173 2467 243 2491 “tro
262 2466 290 2490 al
310 2467 410 2494 Ponte,
437 2467 513 2490 nella
538 2466 620 2498 quale
646 2464 738 2491 bastia
763 2473 850 2490 erano
870 2467 999 2498 piantate
1018 2465 1068 2489 dui

170 2508 348 2533 “bombarde
373 2516 477 2541 grosse.
499 2509 524 2532 le
546 2508 625 2540 quali
644 2509 778 2532 tiravano
805 2507 856 2532 alli
876 2508 1000 2531 torrioni
1023 2507 1067 2531 del

174 2550 188 2563 ¹¹
198 2551 291 2575 Ponte
304 2552 331 2575 et
345 2558 418 2575 ant-0
432 2551 459 2574 al
477 2550 595 2574 mulino.
629 2550 710 2574 Anco
726 2550 784 2574 fece
798 2550 929 2582 piantare
944 2549 1068 2582 inprims

173 2592 241 2616 “nel
261 2594 377 2625 poggio‚
407 2593 541 2617 incontro
567 2592 593 2616 al
615 2591 726 2616 molino
747 2591 822 2616 della
841 2590 999 2620 Canonica‚
1019 2591 1068 2616 doi

174 2636 187 2648 ‘⁴
199 2635 350 2659 bombarde
369 2642 475 2666 grosse,
490 2635 572 2666 quale
593 2634 650 2659 fece
669 2641 769 2659 cavare
789 2633 832 2658 del
846 2634 975 2659 Castello
996 2634 1030 2658 de
1042 2633 1069 2657 S.

173 2677 317 2710 ⁸Angelo.
337 2676 362 2700 lc
383 2677 465 2708 quale
486 2677 619 2701 tiravano
640 2684 689 2708 per
710 2676 737 2700 la
758 2677 832 2700 terra
848 2674 877 2700 dl
891 2683 906 2700 e
926 2677 1007 2701 notte
1021 2676 1071 2700 che

174 2720 252 2744 “mai
275 2722 435 2743 rcstavano.
473 2718 555 2743 Anco
585 2719 680 2743 saceva
702 2720 788 2743 tirare
809 2726 862 2743 ron
884 2725 940 2742 uua
961 2726 1071 2750 serpen-

176 2762 262 2786 “tina
283 2762 358 2786 dalla
378 2762 471 2786 bastia
492 2761 525 2785 de
545 2761 571 2785 S.
592 2761 712 2794 Angelo.
725 2761 748 2784 la
768 2761 850 2792 quale
870 2761 963 2784 tIrava
984 2767 1032 2793 per
1046 2761 1073 2784 la

174 2803 187 2817 ‘¹
199 2806 274 2829 terra
294 2812 308 2828 e
322 2804 416 2828 tirava
436 2811 484 2837 per
506 2803 584 2828 volta
599 2804 670 2827 dieci
687 2803 778 2827 lihbrc
793 2803 820 2827 di
837 2803 963 2835 piombo.
983 2804 1074 2827 Stctte

176 2848 188 2860 ‘⁴
202 2847 222 2871 il
243 2847 321 2871 detto
341 2854 441 2879 campo
463 2847 581 2870 intorno
595 2853 611 2869 a
625 2844 754 2870 Castello
768 2852 817 2878 per
836 2845 892 2869 fino
913 2853 928 2869 a
949 2845 1074 2870 l'ultimo

177 2889 234 2913 “de
255 2891 355 2922 agosto
375 2891 402 2913 et
425 2890 451 2912 in
473 2889 573 2920 questo
587 2891 683 2920 tempo
700 2888 802 2911 surono
823 2888 893 2912 fatte
914 2887 1001 2912 molte
1016 2895 1073 2911 sca-

177 2932 189 2944 ¹⁴
203 2932 341 2956 ramuccie
361 2939 375 2955 c
400 2931 540 2963 battaglie
552 2947 576 2961 η.

265 2973 272 2990 ¹
292 2973 340 2997 Sul
361 2975 482 2997 trattnto
502 2973 544 2997 dcl
566 2979 631 3003 ¹470
652 2980 675 2996 v.
691 2971 815 3002 Pas-ron,
832 2971 922 2996 Stort'a
936 2972 981 2995 dei
990 2972 1071 3003 Papi,

174 3016 292 3045 Trento,
316 3015 392 3048 1891,
412 3015 446 3046 11,
466 3016 528 3047 378.

1211 2419 1222 2435 ²
1243 2419 1298 2446 Cib
1321 2419 1334 2445 ὲ
1355 2421 1532 2445 confermato
1552 2419 1629 2444 dalla
1652 2417 1730 2442 Cron.
1751 2418 1800 2441 eit.
1815 2417 1859 2441 del
1876 2416 1942 2442 Dm,
1957 2423 1978 2439 c.
1994 2420 2025 2446 72

1123 2464 1152 2488 in
1167 2464 1261 2488 ARcfl.
1275 2462 1321 2487 ST.
1334 2470 1366 2488 1>1
1379 2463 1450 2491 Fm„
1466 2462 1550 2493 (APr.
1570 2459 1636 2493 111)=
1657 2459 1671 2472 “
1681 2460 1843 2493 gl’asediati
1859 2466 1959 2490 senpre
1979 2464 2028 2490 per

1124 2506 1136 2518 “
1146 2506 1253 2537 ispioni
1266 2504 1447 2529 mandavano
1459 2512 1473 2528 a
1485 2504 1545 2528 dire
1557 2504 1607 2527 alli
1623 2502 1734 2535 signori
1746 2501 1910 2526 Fiorentini
1922 2500 1948 2525 la
1962 2500 2025 2523 cha·

1123 2548 1136 2560 “
1150 2545 1259 2575 lamnia,
1273 2555 1286 2571 e
1301 2546 1340 2570 lla
1355 2547 1427 2571 dove
1437 2546 1575 2579 gl'erano,
1588 2553 1602 2569 e
1616 2546 1725 2577 quanto
1736 2544 1758 2568 θ’
1770 2546 1896 2577 puteano
1911 2543 2026 2572 teners5,

1127 2590 1180 2614 “di
1201 2590 1288 2614 modo
1308 2590 1358 2614 che
1384 2590 1411 2614 la
1437 2589 1565 2621 signoria
1592 2588 1622 2612 di
1650 2587 1879 2612 Firenzemisse
1900 2593 1984 2610 mano
2010 2593 2025 2609 a

1129 2634 1141 2646 “
1151 2632 1318 2657 soccon-elli
1329 2649 1354 2663 η.

1214 2673 1225 2690 ³
1244 2673 1367 2699 NIccolo
1394 2673 1497 2698 Vitelli
1517 2671 1531 2697 ὸ
1551 2673 1690 2697 descritto
1716 2672 1741 2695 al
1773 2672 1838 2695 vivo
1864 2670 1952 2695 anche
1978 2669 2024 2693 dal

1127 2716 1277 2750 Campano
1297 2715 1454 2746 (Casuum
1467 2715 1563 2747 Epist„
1584 2715 1630 2744 lx,
1651 2715 1710 2738 lett.
1735 2716 1770 2743 ιθ,
1792 2721 1817 2745 p.
1836 2712 1885 2744 11).
1923 2712 2027 2735 Diamo

1128 2759 1176 2791 qui
1203 2758 1367 2792 riprodotto
1387 2758 1431 2781 col
1460 2759 1568 2781 cortese
1593 2763 1734 2781 consenso
1759 2755 1802 2779 del
1824 2754 2026 2788 proprietario,

1129 2802 1169 2825 sir
1188 2801 1305 2826 Herbert
1326 2799 1416 2829 Cook,
1439 2807 1474 2823 un
1497 2799 1612 2823 ritratto
1633 2798 1677 2822 del
1698 2797 1811 2828 Vitelli,
1833 2797 1985 2821 attribuito
2009 2803 2026 2820 a

1132 2846 1206 2869 Luca
1225 2843 1391 2875 signorelli.
1418 2843 1467 2867 che
1493 2844 1515 2866 si
1543 2849 1680 2867 conserva
1709 2842 1784 2866 nella
1808 2842 1881 2865 rit-ea
1906 2840 2026 2873 galleria

1131 2887 1175 2910 del
1196 2885 1348 2909 Ricmond.
1374 2885 1437 2909 Una
1452 2885 1544 2917 copia,
1558 2884 1588 2908 di
1609 2891 1694 2908 mano
1707 2883 1735 2907 di
1758 2883 1899 2907 mediocre
1919 2881 2026 2914 pittore

1132 2930 1175 2953 dcl
1197 2935 1249 2952 ser.
1275 2927 1350 2958 XVI,
1371 2929 1392 2951 si
1421 2927 1489 2951 vede
1510 2927 1585 2951 nella
1606 2927 1772 2958 pinacoteca
1786 2925 1830 2950 del
1853 2924 1970 2957 palazzo
1990 2923 2020 2949 di

1128 2971 1300 2996 Alcssandro
1322 2970 1423 2994 Vitelli
1444 2970 1475 2994 in
1496 2967 1574 2994 Cittia
1594 2969 1622 2993 di
1645 2968 1784 2993 Castello.

265 3129 283 3154 1.
304 3128 328 3154 6.
347 3131 375 3153 et
395 3128 609 3162 propugnacula
628 3128 658 3155 A.
679 3136 706 3162 p.
725 3134 767 3161 47.
790 3142 822 3146 —
843 3129 861 3153 1.
885 3135 923 3153 12.
942 3130 984 3153 -te
1002 3130 1097 3153 autem
1123 3129 1151 3157 T,
1171 3135 1195 3152 c.
1214 3126 1276 3161 695.
1295 3140 1327 3145 --
1348 3127 1366 3151 1.
1387 3133 1419 3151 2¹
1440 3133 1496 3159 quo
1516 3126 1551 3157 Α,
1570 3133 1597 3160 p.
1617 3124 1660 3158 48.

2051 1719 2264 1740 Nicolausvitellus

2059 1747 2133 1771 qualis
2152 1752 2263 1765 annorum

2075 1774 2158 1793 1,Χ.ειΔ
2184 1779 2263 1797 parum

2070 1800 2264 1824 lemiginosus,su-

2071 1827 2161 1849 brusuS,
2186 1832 2263 1849 canus,

2072 1854 2120 1873 sine
2128 1859 2200 1875 coma,
2209 1853 2265 1872 facie

2076 1880 2180 1902 rotunda,
2191 1880 2265 1899 oculis

2075 1907 2207 1928 subalbidis,
2229 1912 2256 1925 u·

2076 1937 2162 1955 inustus,
2185 1933 2264 1955 facilis,

2075 1960 2201 1981 subridens.
2217 1959 2265 1984 pin-

2075 1988 2135 2010 guis.
2185 1987 2264 2006 frontis

2075 2013 2266 2038 anu›le‚deniihus

2075 2041 2168 2063 scabris,
2179 2040 2264 2063 gravis.

2076 2067 2200 2088 facetustad
2209 2067 2264 2086 iram

2075 2101 2146 2117 serus.
2173 2094 2266 2113 iniuria-

2078 2128 2127 2140 rum
2138 2121 2264 2143 immemor,

2078 2148 2122 2168 rari
2145 2147 2264 2169 sermonis.

2077 2175 2148 2200 quieti
2155 2174 2266 2194 sermonis

2075 2201 2136 2221 acuti
2172 2200 2265 2225 ingenii.

2077 2234 2185 2253 prospere
2204 2227 2267 2247 vale-

2075 2255 2168 2277 tudinis.
2178 2256 2264 2274 stature

2076 2282 2141 2305 iuste.
2170 2281 2266 2302 cervicis

2056 2591 2089 2608 20
