2388 3439
127 515 256 538 Campanus
264 519 276 534 a
284 515 338 534 Pon·

152 541 213 571 titice
234 547 278 561 non
301 540 339 561 ad-

153 573 242 587 mlSSUS.

126 941 255 964 Campanus
278 940 336 959 Nea-

151 967 220 992 polim
235 966 313 986 tendit.

123 1283 248 1305 &mineram
269 1282 336 1305 caesi;

151 1309 284 1329 Romane}
294 1309 335 1328 lus.

149 1336 256 1361 Capinus.

126 1893 221 1918 Quereleg
265 1891 336 1911 carili-

151 1920 235 1939 nanum
259 1922 336 1938 contra

152 1946 289 1965 Pontificem

128 2105 267 2129 Byzantium,
287 2105 339 2124 Hel-

153 2133 275 2156 lespontns,
296 2132 339 2151 Eu-

152 2160 216 2181 boea,
237 2158 342 2177 Macedo-

154 2186 197 2208 nia,
213 2185 304 2205 §eodum

369 181 413 216 12
1091 176 1322 212 ROBERTI
1351 175 1469 212 URSI

363 303 488 336 Curam
513 303 656 335 subinde
682 313 774 333 suam
804 308 837 333 et
868 301 1014 333 studium
1046 301 1136 332 omni
1169 307 1321 341 tempore
1353 299 1544 340 pollicetur.
1595 298 1741 331 Addidit
1771 299 1807 330 in
1838 298 1991 330 discessu
2021 297 2207 339 amplexus,

361 357 476 388 oscula
506 363 539 388 et
569 356 760 387 lachrimas.
808 355 909 385 Tanti
936 354 1103 395 praesidis
1134 353 1377 389 benivolentia,
1413 352 1548 383 monitis
1579 358 1681 394 atque
1713 351 1926 388 auctoritate,
1958 351 2207 392 Tiphernatum

361 410 464 441 animi
490 409 628 452 egregie
654 408 774 439 firmati
800 414 885 444 sunt,
911 413 945 438 et
961 406 1114 448 quamvis
1131 406 1174 437 de
1191 416 1330 437 recessu
1347 405 1496 442 doleant,
1521 405 1686 436 recedere
1703 410 1818 436 tamen
1833 404 1996 446 gaudent,
2020 403 2207 444 conspicati

360 462 659 503 locupletissimum
684 461 774 492 hunc
800 467 920 492 testem
945 470 1061 491 eorum
1078 460 1156 504 vite,
1180 469 1320 495 morum,
1344 458 1585 494 continentiae,
1603 464 1705 499 atque
1731 457 1821 493 fidei,
1846 456 2030 498 aliquando
2048 457 2208 488 futurum.

362 516 526 547 Discessit
549 515 651 557 igitur
676 514 869 555 Campanus
893 513 1038 544 Romam
1064 512 1292 549 advolaturus,
1307 522 1400 542 mora
1425 511 1515 542 omni
1540 510 1744 552 posthabita,
1769 520 1837 552 quo
1861 509 2094 541 laborantibus
2113 509 2209 550 oppi-

362 569 469 606 danis,
494 569 528 600 in
552 568 635 600 tanti
661 567 820 599 tumultus
845 567 950 603 initio,
976 566 1111 598 facilius
1136 576 1235 606 opem
1260 564 1554 606 patrociniumque
1580 570 1756 608 prestaret.
1804 563 1884 594 Non
1908 569 2022 594 tamen
2046 563 2139 593 illum
2157 562 2208 593 fe-

364 622 450 654 fellit
481 621 613 662 opinio:
644 620 930 662 quemadmodum
963 620 1051 650 enim
1084 618 1167 650 nihil
1206 618 1278 649 eius
1309 618 1453 654 litterae,
1478 618 1524 649 ita
1556 628 1620 648 nec
1652 617 1829 653 adventus,
1848 615 1989 657 'sperati
2025 616 2208 657 quicquam

360 676 575 708 contulerunt
598 674 723 705 auxilii.
771 672 909 714 Quippe
933 683 1080 704 summus
1112 672 1277 713 pontifex,
1309 671 1443 702 exulum
1476 671 1665 702 criminosis
1689 669 1901 701 suasionibus
1925 668 2124 705 insibilatus‚
2149 679 2208 699 suo

358 729 452 760 illum
475 729 641 769 adspectu
666 727 905 769 colloquioque
937 725 1120 767 prohibuit,
1146 731 1179 756 et
1207 735 1268 766 per
1300 724 1525 756 internuntios
1549 723 1769 755 acerbissime
1795 723 1959 764 corripuit
1990 728 2058 753 tam
2083 721 2206 764 grandi

358 782 470 813 animo
495 781 742 822 Tiphernatum
760 790 897 811 causam
911 779 978 810 suis
992 778 1112 810 litteris
1128 789 1169 809 ac
1187 778 1287 809 dictis
1305 777 1441 808 fovisse.
1467 776 1661 818 Campanus
1678 777 1792 818 itaque
1811 775 2006 818 intelligens
2022 784 2084 816 pro
2100 774 2210 817 gratia

359 835 540 876 repulsam,
572 844 633 875 pro
657 843 771 864 amore
797 833 910 864 odium
939 831 1110 873 pontificis
1137 830 1199 862 sibi
1226 840 1453 872 comparasse,
1479 836 1512 861 et
1529 841 1642 861 rerum
1667 829 2034 860 turbulentissimarum
2058 828 2094 859 in
2122 826 2206 858 urbe

360 888 469 919 Roma
495 894 615 919 statum
642 897 681 918 eo
706 886 892 917 deductum
917 895 1002 922 esse,
1027 891 1063 916 ut
1087 895 1148 925 pro
1166 884 1324 915 Ecclesia
1348 883 1516 920 Romana,
1542 882 1650 914 libero
1676 882 1802 914 homini
1828 888 1862 913 et
1886 882 1921 912 in
1946 881 2113 922 dignitate
2130 890 2212 912 con-

361 941 474 972 stituto
500 941 565 971 iam
589 950 657 971 non
681 939 801 971 liceret
836 938 928 980 quod
965 937 1113 969 decebat
1152 937 1255 978 loqui,
1280 936 1461 977 Neapolim
1486 935 1531 967 ad
1555 946 1672 978 regem
1701 935 1728 966 F
1732 935 1957 966 erdinandum
1982 934 2143 966 continuo
2175 944 2210 964 se

360 994 512 1030 contulit,
536 1004 556 1024 a
580 1003 646 1035 quo
672 999 705 1024 et
730 992 971 1024 iucundissime
997 997 1098 1032 atque
1124 990 1305 1033 magnifice
1331 989 1498 1030 excipitur
1514 989 1534 1020 ¹.

784 1102 913 1135 PUGNA
937 1111 1208 1133 TUMULTUARIA
1233 1111 1282 1132 AD
1310 1109 1463 1132 PORTAM
1486 1109 1779 1131 MERIDIONALEM.

449 1176 585 1208 Interea
608 1175 721 1207 denuo
746 1174 961 1206 tumultuarie
987 1179 1173 1215 pugnatum
1199 1178 1249 1203 est
1274 1171 1328 1213 ,ad
1354 1182 1428 1202 eam
1453 1177 1585 1212 portam
1617 1181 1683 1214 que
1714 1171 1759 1202 ad
1791 1169 1968 1201 meridiem
1994 1174 2143 1210 spectat:
2175 1168 2210 1200 in

358 1240 425 1272 qua
450 1241 492 1261 ex
516 1227 807 1271 oppugnatoribus
831 1226 996 1269 quattuor'
1023 1226 1233 1262 ceciderunt,
1262 1225 1392 1267 aliquot
1419 1235 1501 1255 vero
1526 1235 1568 1255 ex
1592 1223 1739 1255 obsessis
1768 1223 1888 1255 leviter
1913 1222 2030 1260 saucii,
2062 1228 2207 1263 excepto

361 1282 565 1314 Romanello
597 1281 712 1322 pedite
746 1281 836 1317 forti,
867 1280 923 1322 qui
950 1279 1139 1320 scorpionis
1164 1279 1257 1310 ictu²
1282 1278 1442 1319 oppetiit:
1479 1289 1520 1308 ex
1552 1278 1619 1308 suis
1652 1277 1731 1308 item
1763 1275 1924 1318 Capinus,
1949 1276 2006 1318 qui
2043 1275 2209 1317 peditatui

360 1342 527 1378 praeerat,
553 1335 731 1376 scorpione
757 1334 953 1365 vulneratus
970 1334 1005 1364 in
1022 1333 1123 1369 facie,
1142 1342 1269 1373 paucos
1293 1338 1369 1373 post
1394 1331 1468 1362 dies
1484 1331 1519 1362 in
1544 1331 1663 1362 castris
1688 1329 1781 1361 obiit.
1820 1329 2015 1361 Redierunt
2037 1328 2082 1360 ad
2099 1334 2211 1360 castra

360 1401 401 1422 ex
426 1389 578 1421 hostibus
602 1388 769 1419 vulnerati
795 1398 896 1428 supra
920 1387 1069 1429 triginta,
1103 1392 1171 1417 tum
1198 1385 1312 1421 hastis,
1337 1391 1406 1416 tum
1439 1383 1685 1425 scorpionibus,
1710 1389 1780 1415 tum
1804 1383 1981 1414 tormentis
2011 1381 2209 1413 minoribus.

358 1443 495 1485 Sicque,
520 1442 665 1483 posteris
689 1441 820 1478 diebus,
845 1440 889 1472 acl
914 1451 1031 1471 omnes
1056 1446 1171 1481 portas
1195 1439 1413 1481 quotidianae
1440 1448 1553 1480 pugne
1578 1447 1646 1468 nou
1671 1437 1839 1479 ignaviter
1864 1442 2077 1473 exercentur,
2108 1434 2211 1473 unde,

361 1497 474 1528 multis
489 1495 630 1533 arnissis,
655 1495 868 1536 plurimoque
894 1504 1029 1524 suorum
1055 1503 1175 1524 cruore
1189 1491 1288 1533 pulsi,
1302 1502 1383 1532 sepe
1408 1497 1500 1522 retro
1525 1490 1721 1522 concedunt
1731 1489 1745 1520 :¹
1760 1490 1795 1521 in
1820 1489 1872 1520 his
1896 1488 2070 1530 oppidani,
2095 1494 2129 1520 et
2152 1498 2210 1519 au-

360 1550 459 1582 dacia
477 1555 511 1580 et
526 1549 659 1585 virtute,
677 1558 811 1588 semper
828 1546 1035 1578 antecellere
1053 1546 1257 1581 iudicantur,
1274 1545 1490 1585 victoresque
1508 1543 1551 1574 ab
1568 1542 1723 1574 omnibus
1741 1543 1864 1585 pugnis
1880 1542 2031 1584 undique
2048 1541 2210 1578 redeunt3

360 1602 451 1645 quod
468 1612 536 1634 non
553 1602 624 1632 sine
642 1601 790 1632 Deorum
808 1600 943 1631 numine
961 1606 1042 1630 tunc
1059 1598 1221 1641 obtigisse
1240 1597 1407 1629 creditum
1425 1603 1485 1633 est,
1510 1607 1594 1639 quos
1610 1597 1695 1640 iuste
1721 1606 1960 1637 oppressorum
1981 1605 2082 1640 cause
2097 1600 2210 1636 patro-

360 1656 466 1688 cinari
491 1656 638 1687 omnium
663 1665 751 1696 pene
777 1653 944 1686 sententia
969 1652 1144 1694 vulgatum
1169 1658 1229 1683 est.

840 1764 1055 1797 ORATORUM
1079 1764 1354 1795 TIPHERNATUM
1377 1772 1423 1793 EX
1447 1772 1543 1794 URBE
1566 1771 1730 1793 REDITUS.

448 1838 534 1869 Dum
559 1838 605 1869 ita
629 1838 663 1868 in
688 1837 762 1868 dies
786 1835 1014 1871 contenditur,
1039 1841 1191 1867 oratores
1215 1845 1234 1865 a
1266 1833 1439 1875 pontifice,
1463 1832 1566 1864 rebus
1590 1833 1738 1869 infectis,
1755 1831 1911 1864 redeunt.
1957 1831 2049 1864 Ante
2066 1831 2212 1864 reditum

360 1899 473 1924 tamen
496 1891 540 1923 ad
565 1897 679 1932 patres
696 1890 898 1925 cardinales,
923 1889 966 1921 de
992 1888 1115 1920 duritia
1140 1888 1267 1929 pariter
1284 1894 1385 1929 atque
1411 1886 1529 1931 sevitia
1561 1886 1740 1927 pontificis,
1758 1885 1914 1927 clamque
1931 1885 2112 1927 palamque
2129 1884 2213 1916 urbe

360 1952 430 1978 tota
463 1949 726 1985 conqueruntur,
759 1942 820 1973 sed
851 1947 984 1983 patrum
1016 1941 1200 1972 auctoritas
1233 1939 1322 1970 illius
1353 1949 1489 1981 quoque
1525 1939 1672 1969 animum
1708 1938 1847 1970 flectere
1879 1943 1937 1969 aut
1960 1937 2114 1969 delenire
2146 1947 2215 1969 non

361 1999 480 2040 potuit.
527 1997 573 2028 At
597 2007 681 2028 voce
707 1996 800 2027 clara
817 2005 893 2026 cum
912 1993 1102 2026 oratoribus
1127 1993 1245 2025 dolent
1268 1993 1303 2023 in
1327 1991 1558 2033 Tiphernates
1582 2001 1675 2022 arma
1700 1991 1834 2022 hostilia
1859 1990 2084 2022 inclementer
2108 1991 2213 2022 fuisse

361 2058 502 2093 sumpta,
530 2061 595 2082 nec
627 2050 718 2081 ferre
744 2055 883 2090 possunt
907 2048 941 2079 in
973 2058 1032 2078 sua
1060 2047 1192 2078 viscera
1225 2052 1395 2087 pastorem
1419 2045 1608 2089 descevire,
1641 2044 1705 2076 hoc
1730 2044 1939 2085 potissimum
1963 2050 2116 2085 tempore
2148 2054 2215 2086 quo

362 2105 464 2147 paulo
477 2110 555 2136 ante
569 2103 728 2134 Turchus
742 2102 952 2145 Byzantium,
969 2111 1046 2132 mox
1059 2100 1330 2140 Hellespontum,
1343 2099 1424 2130 dein
1437 2098 1623 2134 Euboeam,
1636 2104 1807 2139 postremo
1824 2096 2065 2129 Macedoniam
2081 2108 2215 2129 omnem

365 2157 592 2199 depopulatus
617 2162 677 2192 est,
702 2161 735 2186 et
759 2154 1052 2197 impresentiarum
1077 2151 1267 2184 Scodram³
1293 2151 1443 2187 obsidet:
1469 2157 1502 2182 et
1526 2151 1591 2181 iam
1616 2151 1769 2181 maximis
1794 2150 2000 2182 exercitibus
2031 2157 2122 2182 terra
2145 2160 2215 2181 ma-

361 2212 458 2253 rique
483 2210 546 2251 ipsi
564 2209 660 2251 Italie
678 2208 867 2239 immineat:
893 2218 1009 2238 verum
1025 2206 1082 2237 ubi
1107 2212 1222 2248 patres
1247 2205 1502 2247 relligiosissimi
1528 2210 1562 2235 et
1586 2204 1740 2246 plerique
1765 2204 1822 2235 alii
1847 2204 1998 2245 querulis
2026 2203 2215 2236 oratoribus

363 2264 537 2296 dumtaxat
561 2263 789 2305 ignoscerent,
815 2266 849 2292 et
873 2270 972 2291 nemo
998 2264 1223 2295 succurreret,
1255 2268 1322 2289 non
1348 2258 1413 2288 iam
1438 2257 1500 2289 sibi
1533 2256 1765 2288 differendum
1791 2257 1932 2288 ulterius
1956 2256 2084 2288 abitum
2115 2262 2213 2299 puta—

362 2322 484 2348 verunt
507 2315 568 2347 sed
592 2315 713 2346 animis
747 2313 895 2345 omnium
932 2312 1087 2344 excitatis
1112 2311 1190 2343 inde
1216 2310 1407 2342 discedunt.
1454 2309 1616 2342 Pontifex
1640 2316 1763 2347 autem,
1790 2309 1874 2352 quid
1899 2310 1972 2351 ipse
1997 2309 2122 2348 iubeat,
2146 2310 2215 2342 suis

364 2370 485 2402 litteris
508 2368 552 2400 ad
577 2368 759 2399 Nicolaum
784 2366 947 2398 Vitellum
973 2365 1176 2397 effusissime
1201 2365 1247 2396 ita
1271 2364 1456 2405 rescripsit.

737 2478 939 2509 RESPONSIO
964 2485 1165 2508 PONTIFICIS
1190 2485 1325 2507 MAXIMI
1351 2484 1400 2506 AD
1425 2474 1625 2506 NICOLAUM
1649 2474 1856 2506 VITELLUM.

451 2550 653 2583 Audivimus
677 2555 829 2581 oratores
853 2555 944 2584 tuos:
970 2559 1011 2579 ex
1035 2547 1158 2589 quibus
1181 2547 1312 2577 animus
1330 2556 1411 2588 erga
1436 2556 1497 2577 nos
1521 2552 1597 2577 tuus
1621 2545 1719 2577 nobis
1736 2546 1892 2588 cognitus
1916 2551 1976 2578 est.
2000 2544 2163 2578 Profecto
2186 2545 2214 2577 si

365 2605 548 2647 praeterita
572 2614 753 2635 recensere
778 2602 931 2639 velimus,
956 2601 1084 2633 nullum
1101 2611 1248 2642 unquam
1266 2606 1399 2640 tempus
1423 2599 1497 2636 fuit,
1521 2609 1589 2641 quo
1613 2605 1646 2631 te
1672 2609 1740 2631 non
1756 2599 1976 2631 dilexerimus
1993 2599 2216 2631 vehementer

455 2756 462 2773 ¹
483 2757 505 2780 11
526 2756 672 2789 Campano
692 2763 737 2779 era
758 2756 865 2779 venuto
884 2756 1074 2786 governatore
1090 2753 1109 2777 il
1131 2753 1147 2776 6
1167 2760 1259 2777 marzo
1404 2750 1414 2768 ²
1434 2752 1562 2784 Scorpio,
1589 2752 1677 2776 telum
1703 2752 1837 2782 militare,
1857 2752 1932 2784 quod
1960 2750 2145 2777 Cretensibus
2171 2752 2215 2776 in-

371 2806 453 2832 1474}
474 2800 500 2823 Ia
521 2806 569 2822 sua
589 2800 720 2831 partenza
740 2796 802 2821 reco
822 2804 891 2829 gran
918 2796 1017 2820 dolore
1044 2804 1057 2820 a
1086 2797 1152 2819 tutti
1174 2797 1183 2819 i
1209 2797 1260 2818 cit·
1317 2797 1432 2819 ventum
1452 2794 1541 2818 tradit
1561 2794 1682 2824 Plinius,
1703 2794 1752 2818 lib.
1772 2793 1819 2824 VI,
1840 2793 1892 2818 VII
1915 2793 1976 2826 (M).

368 2842 459 2866 tadini
475 2841 524 2865 che
539 2842 743 2865 sinceramente
757 2840 927 2867 l’amavano,
942 2840 974 2863 ed
990 2839 1046 2869 egli
1061 2846 1128 2869 pure
1142 2839 1165 2862 si
1181 2838 1261 2862 dolse
1404 2834 1415 2850 ³
1435 2836 1487 2859 Nel
1518 2842 1584 2868 1473
1606 2836 1616 2860 i
1636 2836 1742 2860 Turchi
1763 2837 1909 2860 andarono
1929 2836 1965 2860 ad
1984 2837 2125 2860 assediare
2149 2835 2215 2860 Scu-

368 2883 605 2908 dell'abbandono
619 2883 729 2906 forzato
742 2882 815 2906 della
831 2879 901 2905 citta
916 2882 946 2904 in
962 2889 1016 2904 una
1031 2881 1131 2904 lettera
1151 2880 1178 2903 al
1192 2878 1257 2903 Car·
1318 2880 1380 2905 tari,
1402 2885 1445 2901 ma
1466 2879 1513 2908 qui
1534 2884 1590 2901 non
1611 2878 1698 2901 atrise
1718 2878 1780 2901 loro
1802 2878 1822 2900 il
1839 2884 1974 2908 successo,
1995 2875 2096 2911 poiche
2120 2877 2215 2909 quella

369 2925 464 2949 dinale
483 2925 518 2948 da
537 2924 630 2954 SIena,
649 2923 763 2955 quando
783 2925 863 2947 stava
884 2924 1011 2954 appunto
1031 2929 1079 2954 per
1099 2921 1261 2946 ricondursi
1317 2918 1387 2943 citra
1407 2927 1455 2950 per
1476 2926 1561 2951 opera
1581 2919 1608 2942 di
1630 2919 1760 2942 Antonio
1781 2917 1930 2943 Loredano
1951 2920 2100 2944 resistette.

369 2967 399 2991 in
419 2966 511 2998 patria
525 2964 682 2997 (CAMPAm
701 2964 795 2996 Epist„
815 2964 862 2993 IX,
883 2965 943 2988 lett.
963 2968 1015 2995 4²1,
1036 2964 1137 2987 ultima
1162 2963 1261 2995 parte).

455 3081 472 3104 l.
486 3086 500 3113 7
516 3081 618 3112 sperati
639 3080 672 3109 A,
686 3088 712 3112 p.
727 3086 768 3111 30.
790 3093 815 3096 —
837 3080 855 3103 l.
874 3085 902 3111 17
918 3078 1080 3103 ceciderunt
1102 3079 1128 3109 T,
1145 3086 1166 3101 c.
1182 3076 1241 3108 685.
1258 3090 1288 3094 —
1303 3076 1321 3100 l.
1337 3082 1367 3100 22
1384 3076 1413 3100 in
1428 3076 1472 3099 his
1488 3076 1520 3105 A,
1535 3083 1560 3107 p.
1575 3082 1617 3107 31.
1633 3088 1664 3092 ——
1679 3075 1697 3099 l.
1711 3074 1745 3106 38
1758 3075 1927 3100 Rsssponsxo
1941 3074 1975 3104 A,
1989 3082 2016 3108 p.
2030 3081 2072 3107 3²·

2238 774 2276 804 10

2234 1381 2276 1412 20

2235 1647 2276 1679 25

2239 1991 2280 2021 30

2237 2256 2278 2288 35

2239 2599 2281 2630 40

2246 2882 2278 2900 10
