2388 3439
360 222 409 258 32
1089 218 1319 255 ROBERTI
1346 218 1466 254 URSI

367 295 2195 305 ...................................................................................................................................................................................................
2198 296 2210 302 .,.

681 402 830 433 ORATIO
855 401 1015 432 NlcoLffl
1040 400 1197 431 VITELLI
1223 410 1299 436 QUA
1325 410 1425 431 CIVEs
1450 409 1652 432 HORTATUR
1678 409 1727 431 AD
1752 410 1884 431 PACEM.

446 487 517 519 Etsi
543 498 611 519 non
635 486 723 518 omni
756 497 816 527 spe
848 485 1101 516 auxiliariorum
1134 485 1231 516 vacui
1265 485 1378 521 simus,
1411 490 1447 516 ut
1478 495 1587 526 aeque
1617 485 1732 519 nostis,
1757 495 1798 516 ac
1831 495 1906 528 ego,
1939 494 2003 516 nec
2036 491 2129 517 tanta
2160 485 2209 517 rei

360 541 579 584 frumentarie
604 540 719 581 inopia
744 539 936 570 laboremus
961 544 1121 580 quantam
1146 539 1250 574 aiunt,
1276 539 1358 580 quin
1383 538 1483 570 etiam
1509 538 1553 570 ad
1578 538 1693 579 plures
1717 549 1851 569 menses
1876 538 1965 570 omni
1999 538 2125 580 populo
2161 544 2211 570 at-

359 605 425 636 que
449 594 611 625 militibus
628 594 765 634 copiose
791 593 964 623 valeamus
989 603 1150 635 erogare3
1169 598 1356 633 posteaque
1382 598 1495 623 tamen
1521 592 1564 623 de
1589 603 1675 633 pace
1701 592 1940 633 componenda
1964 592 2086 635 agitur,
2109 603 2211 634 quam

361 658 425 690 ego
449 659 584 689 semper
609 647 752 683 excolui,
778 657 898 688 pacem
923 645 1023 677 illam'
1040 646 1302 687 amplexandam
1327 645 1483 679 arbitror,
1501 656 1601 687 quam
1618 646 1733 687 inique
1759 646 1981 678 condiciones
1997 657 2065 678 non
2082 645 2212 678 dissua-

360 701 473 737 deant,
498 712 619 742 sapere
644 700 837 732 diiudicans
862 711 930 736 eos,
955 700 1011 741 qui
1038 710 1073 731 se
1100 700 1172 731 viro
1198 700 1276 731 forti
1303 706 1405 741 atque
1431 700 1634 731 amicissimo
1659 700 1771 741 potius
1795 710 1831 731 se
1860 699 2083 737 crediderint,
2107 709 2210 742 quam

360 755 435 786 loco
460 755 514 786 vel
539 755 714 786 tutissimo.
763 754 978 798 Quecunque
1005 754 1094 785 enim
1119 753 1163 784 ab
1187 754 1298 785 amico
1321 760 1497 796 geruntur,
1529 764 1549 784 a
1580 753 1678 785 nobis
1709 760 1873 796 gerantur
1904 759 2048 795 oportet,
2082 759 2116 785 et
2146 753 2212 786 hoc

359 808 442 838 nihil
467 808 559 839 aliud
592 814 642 839 est
674 818 774 850 quam
807 819 826 838 a
858 807 955 839 nobis
987 807 1169 849 negocium
1198 807 1378 848 componi:
1405 807 1523 838 seratis
1555 807 1658 850 igitur
1690 818 1801 849 aequo
1833 807 1946 838 animo
1978 817 2211 849 quascumque

362 861 566 893 Fredericus
590 862 705 893 tulerit
729 862 841 904 leges:
867 866 901 892 et
925 860 969 892 ab
992 861 1051 892 illo
1076 860 1173 892 datas
1198 872 1217 891 a
1242 860 1338 892 vobis
1363 861 1448 892 latas
1472 860 1694 892 arbitremini.
1740 860 1776 891 Si
1810 860 2033 892 mediatorem
2064 860 2212 892 antehac

362 926 429 946 non
453 921 647 955 suspectum
672 914 770 947 nobis
795 921 948 956 parasset
973 915 1120 947 fortuna.
1145 926 1213 946 non
1238 925 1344 956 usque
1369 914 1457 946 adeo
1482 925 1563 945 sane
1594 914 1780 946 obsidionis
1805 914 2008 946 diuturnitas
2039 919 2214 956 protracta

360 968 489 998 fuisset.
537 967 711 1000 Habemus
735 969 956 1009 interpretem
981 968 1155 1009 optimum,
1180 968 1272 1009 quod
1297 968 1343 999 dii
1364 968 1450 999 bene
1468 973 1612 1001 vertant.
1638 979 1679 999 eo
1704 969 1906 1009 propensius
1930 968 2112 1000 occasione
2137 978 2214 1012 prg-

357 1021 443 1052 senti
470 1021 631 1052 fruamur.
679 1022 774 1053 Nihil
801 1023 890 1053 enim
924 1022 990 1053 fide
1023 1022 1229 1065 prestantius
1254 1021 1323 1059 est‚'
1356 1028 1389 1053 et
1421 1033 1461 1053 ea
1487 1022 1665 1063 presertim
1695 1033 1761 1064 que
1793 1022 1838 1053 ab
1868 1023 1979 1054 amico
2010 1021 2213 1063 impartitur,

360 1075 432 1106 viro
457 1075 656 1115 gravissimo
681 1075 804 1118 insigni
831 1081 864 1107 et
888 1076 1119 1118 integerrimo.
1145 1076 1201 1117 qui
1229 1081 1322 1107 recte
1348 1075 1451 1107 callet
1475 1086 1574 1117 quam
1601 1076 1644 1107 sit
1667 1086 1772 1118 grave
1798 1075 1900 1108 fidem
1925 1075 2058 1113 fallere,
2090 1075 2214 1118 cuique

360 1138 401 1157 ex
426 1128 492 1158 fide
519 1134 616 1169 rupta
642 1128 725 1159 nihil
751 1135 908 1170 speratur
933 1129 1161 1160 emolumenti.
1210 1128 1332 1160 Amico
1356 1129 1460 1171 igitur
1485 1128 1660 1160 fidendum
1685 1140 1811 1161 censeo
1837 1135 1871 1161 et
1895 1129 2066 1166 exhortor,
2090 1128 2216 1171 qualis-

361 1191 495 1222 cunque
529 1192 640 1212 rerum
665 1188 827 1224 sequatur
852 1189 1003 1214 eventus.
1052 1181 1354 1214 Persuadebantur
1379 1183 1494 1220 facile,
1519 1182 1666 1214 Nicolao
1690 1183 1820 1214 Vitello
1844 1182 1994 1220 dicente,
2019 1188 2213 1215 senatorum

360 1240 510 1275 pectora,
535 1234 657 1276 quibus
681 1246 748 1277 quo
776 1236 821 1267 ad
846 1247 965 1276 pacem
991 1247 1086 1267 mens
1112 1236 1233 1267 eadem
1260 1236 1382 1269 suerat.
1408 1242 1631 1267 veruntamen
1657 1247 1674 1267 e
1700 1235 1905 1277 primoribus
1936 1247 2033 1273 unus,
2059 1241 2138 1280 notg
2162 1236 2214 1267 fa-

359 1287 494 1322 cundie,
526 1295 674 1330 natuque
699 1289 872 1331 grandior,
905 1295 938 1321 et
970 1290 1023 1321 cui
1049 1290 1099 1320 vis
1124 1290 1251 1332 ingenii
1278 1290 1421 1321 forsitan
1446 1290 1568 1325 acrior,
1609 1289 1774 1321 sollicitus
1806 1301 1859 1326 ne,
1891 1295 1949 1321 aut
1980 1289 2212 1322 taciturnitate

361 1351 487 1381 parum
515 1341 663 1373 Nicolao
686 1341 815 1373 Vitello
840 1349 874 1374 et
898 1342 1087 1386 reipublice
1111 1343 1315 1379 consuleret,
1347 1349 1405 1374 aut
1429 1342 1589 1379 dicendo,
1615 1349 1651 1374 ut
1675 1343 1770 1384 pacis
1794 1342 1958 1379 turbator,
1989 1342 2082 1384 apud
2109 1353 2217 1384 popu-

359 1394 427 1424 lum
452 1394 514 1425 sibi
540 1395 729 1436 periculum
755 1396 907 1433 afferret,
932 1397 1045 1428 animo
1069 1396 1128 1428 diu
1160 1397 1195 1427 in
1223 1396 1360 1428 diversa
1388 1402 1534 1433 versato,
1566 1396 1611 1428 ad
1642 1396 1797 1428 ultimum
1822 1396 1978 1428 decrevit
2002 1406 2217 1439 quecumque

359 1448 481 1480 sentiat
506 1448 677 1480 liberrime
703 1449 871 1491 proloqui,
895 1456 998 1491 atque
1022 1450 1069 1482 ita
1095 1450 1236 1482 orditur·

854 1592 1003 1624 ORATIO
1031 1603 1194 1625 SENIORIS
1223 1603 1345 1625 PACEM
1373 1602 1638 1625 DISSUADENTIS.

449 1675 574 1708 Pacem
600 1677 688 1709 hanc
713 1678 801 1715 iniri,
834 1684 869 1709 ut
893 1689 1012 1719 parum
1037 1678 1219 1715 salubrem,
1244 1678 1444 1710 dissuadere
1474 1678 1601 1713 licebit,
1635 1678 1697 1710 nisi
1723 1678 1823 1710 aliter
1854 1677 1897 1710 de
1929 1678 2066 1711 Nicolai
2097 1677 2216 1711 Vitelli

358 1730 591 1762 incolumitate
616 1732 710 1772 prius
734 1737 870 1763 cautum
898 1732 1009 1766 fuerit,
1042 1744 1061 1763 a
1093 1733 1189 1764 cuius
1214 1733 1322 1764 salute
1348 1733 1480 1774 privata
1513 1739 1547 1764 et
1582 1731 1720 1774 publica
1746 1732 1836 1763 salus
1864 1731 2051 1774 dependet,
2076 1743 2119 1765 ex
2149 1743 2217 1775 quo

360 1783 586 1826 naufragante
612 1785 725 1816 omnia
750 1786 851 1817 etiam
877 1793 991 1817 nostra
1016 1787 1254 1827 periclitentur
1279 1797 1420 1818 necesse
1439 1793 1500 1818 est.
1549 1785 1617 1823 Qui
1636 1786 1661 1817 si
1680 1786 1786 1818 iturus
1804 1792 1855 1818 est
1870 1786 1906 1817 in
1930 1796 2070 1818 romana
2094 1792 2216 1824 castra,

359 1842 393 1866 et
416 1836 542 1868 deinde
568 1838 724 1871 Romam,
742 1844 778 1870 ut
803 1839 1002 1879 postulatur,
1027 1839 1062 1870 id
1087 1839 1226 1881 quidem
1250 1850 1319 1871 non
1343 1840 1415 1871 sine
1434 1840 1556 1881 capitis
1573 1840 1621 1871 sui
1641 1839 1795 1880 periculo
1813 1840 1964 1871 futurum
1990 1845 2051 1871 est.
2098 1838 2219 1872 Credi-

360 1895 422 1925 tur,
440 1900 508 1920 non
525 1889 569 1921 ab
585 1902 621 1921 re
640 1891 788 1934 legatum
804 1892 902 1923 enixe
919 1891 1007 1923 adeo
1025 1893 1162 1925 instare.
1180 1893 1271 1924 hunc
1288 1893 1434 1924 Romam
1452 1893 1698 1934 profecturum,
1723 1892 1766 1924 ad
1785 1893 1954 1934 pontificis
1971 1891 2080 1934 pedes
2102 1892 2219 1925 oscula

361 1941 528 1973 daturum.
554 1943 633 1974 Non
651 1944 752 1985 [esse]
771 1955 852 1987 ergo
871 1945 1045 1977 fidendum
1062 1946 1250 1977 numerosis
1267 1952 1316 1977 tot
1333 1945 1646 1987 pollicitationibus,
1660 1945 1722 1977 sed
1735 1945 1811 1977 illas
1828 1956 1868 1977 eo
1886 1945 1994 1988 magis
2011 1956 2086 1977 esse
2102 1945 2220 1977 formi-

359 1994 500 2033 dandas,
518 2007 584 2038 quo
602 1997 792 2029 maioribusy
811 1999 916 2030 hostis
932 2006 1040 2042 urget.
1088 2000 1245 2041 Amplius
1261 2000 1364 2042 igitur
1381 1999 1424 2031 de
1442 2011 1529 2041 pace
1546 2000 1639 2042 loqui
1657 2010 1950 2041 supervacaneum
1968 2005 2028 2037 est,
2045 1999 2109 2031 nisi
2126 1998 2219 2031 haud

361 2048 519 2091 ambigue
544 2051 637 2091 prius
661 2062 681 2081 a
705 2050 816 2083 Patris
840 2052 955 2083 Patrie
981 2052 1174 2084 cervicibus
1197 2053 1387 2094 periculiun
1413 2064 1512 2085 omne
1537 2064 1675 2094 prorsus
1692 2053 1813 2084 abesse
1838 2053 2038 2085 constiterit.
2084 2051 2215 2085 Scitote

361 2102 476 2144 itaque
502 2104 615 2134 omnia
639 2104 719 2135 mihi
745 2115 807 2146 pro
832 2106 904 2136 eius
928 2106 1035 2138 salute
1062 2113 1221 2148 suspecta
1246 2118 1331 2140 esse.
1357 2108 1470 2138 omnia
1495 2107 1644 2139 exiciosa
1669 2106 1789 2143 videri,
1813 2113 1943 2139 tantum
1975 2107 2011 2138 in
2041 2117 2108 2138 uno
2139 2106 2213 2138 viro

364 2155 518 2196 suspicor
543 2167 616 2188 esse
642 2159 813 2195 momenti,
838 2169 1001 2190 summam
1026 2159 1106 2191 belli
1133 2171 1210 2192 reor
1234 2160 1269 2191 in
1294 2161 1366 2191 eius
1394 2161 1506 2202 capite
1525 2160 1662 2192 omnino
1679 2160 1866 2192 consistere
1884 2166 1918 2192 et
1934 2160 2025 2192 hunc
2043 2170 2117 2192 esse
2133 2170 2218 2201 pen-

363 2207 474 2240 dentis
498 2209 594 2241 ruine
620 2211 756 2242 exitum.
805 2210 1046 2255 Quodcunque
1071 2213 1106 2244 in
1130 2225 1201 2245 rem
1227 2220 1373 2245 vestram
1400 2225 1473 2245 esse
1499 2214 1618 2251 sentio,
1642 2213 1679 2245 id
1704 2224 1803 2245 omne
1827 2213 1863 2244 in
1886 2213 2036 2245 medium
2060 2213 2218 2254 profero:

362 2261 443 2292 satis
466 2272 502 2293 se
528 2263 641 2294 hostes
666 2274 844 2305 superasse
870 2265 1054 2306 puta'bunt.
1071 2267 1097 2297 si
1123 2266 1305 2298 Nicolaum
1330 2267 1506 2303 Vitellum‚
1531 2267 1651 2309 quovis
1676 2272 1788 2307 pacto,
1812 2272 1871 2298 aut
1895 2277 1913 2298 e
1938 2265 2052 2298 medio
2075 2265 2219 2298 sustule-

362 2314 438 2351 rint,
463 2322 521 2347 aut
545 2316 797 2349 amandandum
823 2320 1034 2356 curaverint:
1060 2331 1101 2351 eo
1127 2321 1216 2351 enim
1242 2320 1374 2352 sublato
1399 2321 1453 2351 vel
1490 2320 1683 2357 amandato,
1709 2320 1753 2351 de
1778 2319 1876 2352 nobis
1900 2325 2014 2352 actum
2046 2325 2107 2357 est,
2138 2319 2219 2362 quia

364 2374 444 2399 tunc
470 2380 534 2400 nec
559 2370 616 2401 ille
642 2370 738 2402 vobis
763 2372 835 2403 usui
863 2373 936 2407 erit,
961 2383 1025 2405 nec
1044 2384 1103 2405 vos
1128 2374 1187 2404 illi.
1234 2373 1322 2405 Illud
1348 2375 1449 2406 etiam
1474 2374 1571 2406 vobis
1602 2374 1781 2416 plusquam
1813 2373 2122 2415 exploratissimum
2153 2378 2214 2410 est,

363 2432 431 2453 non
455 2421 732 2458 dissimulatione,
758 2436 825 2456 non
850 2426 991 2462 insidiis,
1016 2437 1084 2458 non
1108 2426 1187 2458 dolo
1212 2427 1300 2458 malo
1327 2438 1445 2459 carere
1471 2438 1675 2469 quecunque
1699 2426 1744 2458 ab
1769 2427 1921 2459 hostibus
1945 2432 2119 2470 gerantur.
2144 2425 2216 2458 Ne-

364 2475 435 2506 scio
459 2476 541 2517 quid
566 2477 642 2507 mali
671 2478 838 2518 profecto,
863 2479 955 2520 quod
979 2480 1166 2515 abominor,
1192 2480 1323 2512 civibus
1347 2486 1405 2512 aut
1429 2480 1639 2522 reipublicae
1664 2480 1822 2522 portendi
1848 2479 1985 2517 videor;
2010 2480 2046 2512 in
2062 2479 2219 2517 amicum,

364 2528 499 2569 qualem
523 2529 745 2562 Fredericum
770 2533 934 2566 existimo.
960 2540 1112 2578 spectate
1136 2533 1215 2565 fidei
1241 2540 1343 2576 atque
1368 2535 1572 2577 integritatis
1596 2535 1716 2571 virum,
1743 2545 1811 2566 non
1827 2534 1970 2571 inficior,
1995 2533 2086 2566 omni
2111 2533 2219 2575 suspi-

367 2581 464 2612 cione
490 2582 628 2620 reiecta,
661 2585 795 2625 penitus
827 2595 901 2617 esse
927 2586 1149 2624 credendum,
1181 2598 1298 2619 verum
1331 2588 1356 2619 si
1389 2587 1536 2619 Romam
1568 2588 1668 2620 iverit
1694 2587 1861 2620 Nicolaus
1891 2587 2050 2624 Vitellus‚
2082 2597 2151 2618 non
2181 2596 2217 2617 se

366 2634 476 2666 credit
499 2637 609 2668 amico
633 2638 839 2679 imperatori,
865 2640 926 2671 sed
950 2640 997 2671 illi
1024 2641 1077 2671 cui
1092 2640 1219 2672 subest
1242 2641 1437 2682 imperator.
1486 2640 1564 2678 Quo
1589 2641 1633 2673 ad
1658 2642 1898 2682 imperatorem
1927 2641 2050 2672 attinet
2072 2640 2219 2681 impera-

366 2688 429 2719 tori
456 2688 628 2721 fidendum
653 2701 720 2722 non
752 2692 913 2729 diffiteor:
946 2693 1060 2735 quoad
1095 2694 1290 2735 pontificem
1316 2695 1519 2726 contrariam
1544 2701 1645 2726 teneo
1670 2694 1883 2726 sententiam.
1929 2692 1965 2725 Si
1992 2694 2110 2725 forsan
2133 2692 2220 2726 deti-

368 2740 512 2778 nebitur,
537 2743 562 2773 si
588 2743 623 2774 in
647 2743 782 2775 vincula
807 2752 1004 2786 compactus
1032 2747 1144 2781 tuerit,
1169 2747 1195 2778 si
1220 2747 1443 2781 truncabitur,
1468 2748 1543 2789 quis
1560 2747 1786 2788 patrocinium
1804 2745 2015 2789 praestabit?
2039 2745 2097 2778 Ad
2113 2756 2215 2788 quem

369 2794 631 2833 provocabitur?
658 2795 744 2833 Quis
769 2797 811 2829 de
838 2805 968 2831 mortuo
992 2800 1155 2832 iudicium
1180 2800 1327 2832 dixerit?
1351 2800 1403 2831 Ex
1428 2801 1479 2831 his
1503 2800 1650 2832 arbitror
1674 2811 1742 2832 non
1766 2798 1989 2832 tolerandum'
2014 2809 2099 2836 esse,
2127 2798 2219 2830 hunc

367 2847 475 2887 ipsum
493 2858 534 2878 ex
551 2849 679 2880 victore
704 2851 840 2888 victum,
858 2863 900 2883 ex
917 2852 1024 2884 libero
1049 2864 1194 2890 servum,
1211 2859 1269 2885 aut
1285 2865 1326 2885 ex
1344 2854 1510 2886 dictatore
1536 2854 1708 2895 captivum
1725 2852 1835 2890 reddi,
1851 2859 1910 2885 aut
1925 2852 2059 2884 illorum
2075 2851 2218 2893 imperio

368 2900 473 2937 credi.-
498 2901 553 2942 qui
580 2913 621 2933 ex
646 2913 806 2935 successu
832 2905 1004 2937 ‚felicitatis
1028 2906 1198 2938 interdum
1223 2918 1259 2938 se
1277 2907 1430 2938 homines
1455 2906 1712 2944 obliviscuntur,
1736 2917 1890 2949 quosque
1915 2915 2089 2947 papavera
2113 2904 2217 2936 subli-

367 2952 473 2984 miora
498 2954 699 2994 praecidere
725 2967 860 2997 semper
884 2957 1068 2995 delectant,
1102 2965 1263 3001 tanquam
1295 2959 1465 2991 sterilibus
1492 2959 1606 2991 herbis
1637 2965 1747 2991 ortum
1775 2964 2010 3001 repurgantes.
2058 2956 2139 2989 Non
2171 2967 2214 2988 ne

371 3011 449 3037 ante
467 3006 530 3038 hac
548 3008 776 3049 quamplures,
793 3009 888 3041 falsis
913 3011 1114 3049 nominibus,
1132 3012 1359 3050 mendacium,
1384 3013 1658 3054 oportunitatem,
1676 3012 1872 3054 periurium,
1889 3010 2123 3048 calliditatem,
2140 3020 2218 3052 per-

458 3131 476 3154 1.
497 3137 510 3163 5
530 3132 745 3164 amplexandam
772 3134 800 3164 T,
820 3142 842 3158 c.
864 3140 922 3166 714.
944 3149 976 3153 —
995 3135 1014 3159 l.
1038 3142 1066 3159 12
1087 3137 1114 3160 et
1134 3143 1165 3160 ea
1186 3136 1219 3165 A,
1239 3143 1265 3168 p.
1286 3135 1327 3160 So.
1348 3148 1381 3153 -
1401 3136 1420 3161 l.
1441 3135 1474 3160 28
1493 3136 1586 3160 hostis
1606 3135 1639 3164 A,
1654 3142 1681 3168 p.
1696 3134 1737 3159 81.
1753 3147 1786 3153 ⁴—-
1800 3135 1819 3159 1.
1833 3142 1866 3168 33
1881 3135 1964 3160 -bunt
1977 3135 2002 3159 si
2023 3135 2051 3163 T,
2065 3142 2089 3159 c.
2103 3139 2163 3167 715.
2179 3147 2210 3152 --

372 3175 391 3198 l.
411 3182 442 3208 43
462 3182 521 3200 esse
530 3175 570 3209 ‚⁴4⁵
590 3183 617 3210 p.
636 3176 679 3201 82.

2241 914 2280 946 10

2242 1181 2279 1213 15

2241 1450 2282 1482 20

2242 1838 2283 1871 25

2238 2106 2280 2138 30

2240 2371 2282 2404 35

2242 2639 2284 2670 40

2243 2902 2283 2935 45
