2388 3439
701 217 773 253 DE
802 217 1078 254 OBSIDIONE
1106 217 1500 255 TlPHERNATUM
1969 220 2015 255 29

714 411 974 444 SERPENTINAE
997 421 1137 449 RABIRS,
1163 422 1285 444 FUROR
1309 422 1356 444 ET
1379 422 1497 444 CEDES.

255 506 461 550 Serpentina
485 509 573 541 inter
598 509 684 541 haec
708 509 901 551 plumbeam
927 510 1029 551 pilam
1053 510 1337 541 truculentissime
1362 510 1538 547 iaculatur,
1571 511 1728 553 virusque
1761 522 1855 542 suum
1880 511 2015 548 evomit,

169 566 203 593 et
233 568 364 602 portam
397 562 497 593 turris
529 562 686 603 utrinque
712 569 879 603 penetrat,
907 563 1052 605 geminis
1081 563 1239 594 tabulatis
1270 562 1356 594 duro
1387 563 1431 594 (le
1464 574 1584 594 rovere
1617 571 1848 605 cumpactam:
1881 575 1944 596 nec
1977 575 2017 595 eo

167 620 338 651 contenta,
364 615 453 646 viros
477 615 591 647 adhuc
615 621 774 657 quattuor
798 622 930 652 enecat,
955 616 1107 658 quintum
1141 626 1222 647 vero
1248 617 1399 648 inutilem
1428 617 1725 659 (lesormatumque
1759 617 1918 650 reddidit.
1966 617 2015 649 Ex

123 667 142 698 5
167 667 219 698 his
257 673 416 709 quattuor
454 668 623 699 Antonius
655 667 827 709 Capucius
858 668 1007 702 tabellio.
1047 669 1131 700 civis
1169 669 1315 710 optimus
1346 680 1387 701 ac
1419 670 1527 714 patrie
1559 670 1724 702 libertatis
1759 671 2016 707 amantissimus,

166 720 263 751 cuius
287 730 369 751 sane
394 721 549 752 interitus
573 721 746 763 ingentem
772 720 927 753 omnibus
952 722 1119 753 tristitiam
1145 722 1295 753 incussit.
1339 722 1563 767 Consternate
1590 723 1655 754 iam
1681 730 1778 755 erant
1794 723 2015 755 obses'sorum

168 779 310 810 mentes,
336 780 370 805 et
398 773 573 816 pugnandi
606 773 708 805 ardor
740 774 943 811 immutatus,
975 786 1015 806 ea
1047 781 1188 816 propter
1219 785 1366 818 aggeres
1397 775 1596 807 indefensos
1628 776 1822 818 relinquere
1854 784 2013 812 statuunt,

167 827 256 858 omni
283 826 488 858 emulatione
512 827 644 869 gloriae
670 827 880 868 posthabita:
907 838 973 859 uno
1002 829 1071 859 ictu
1096 835 1254 870 quattuor
1287 829 1469 865 exanimes,
1503 840 1602 860 unum
1636 830 1786 861 mutilum
1819 829 2014 865 abhorrent.

165 879 245 911 huic
269 889 331 921 per
355 885 509 921 tempora
533 879 712 911 cerebrum
738 888 861 917 manat,
880 881 925 911 illi
946 881 1105 912 humerus
1129 882 1262 924 integer
1287 888 1403 923 raptus
1427 888 1487 919 est,
1514 882 1592 914 huic
1609 883 1686 914 alvo
1703 883 1856 924 disrupto
1874 884 2005 915 viscera

103 932 141 964 10
165 932 329 965 defluunt.
375 932 468 963 Nulli
496 933 611 970 cassis,
637 933 742 965 lorica
766 941 824 966 aut
848 941 943 966 torax
968 935 1106 976 profuit.
1154 934 1267 966 Tanta
1300 941 1351 966 est
1378 934 1500 971 rabies,
1526 942 1638 967 tantus
1671 937 1888 978 serpentinae
1923 938 2016 969 furor

164 986 260 1018 cuius
284 986 354 1027 pila
378 985 503 1018 nedum
529 993 672 1027 portam,
696 987 758 1019 sed
782 997 929 1030 aggeres
954 987 1141 1020 latitudinis
1166 988 1314 1029 peduum
1340 995 1417 1020 octo
1442 989 1635 1023 transfodit.
1667 996 1701 1021 et
1733 989 1815 1021 nihil
1848 996 1899 1022 est
1923 991 2015 1032 quod

164 1045 258 1071 tanto
282 1039 388 1071 furori
414 1039 573 1071 resistere
599 1040 720 1072 valeat.
768 1040 930 1072 Attonitis
954 1041 1020 1071 iam
1045 1040 1211 1078 omnibus,
1236 1042 1385 1082 speciem
1411 1042 1604 1073 defensoris
1629 1042 1740 1073 nullus
1757 1042 1887 1088 prebet,
1904 1044 2015 1075 nullus

164 1092 209 1124 de
234 1092 336 1130 fama,
368 1093 480 1124 nullus
504 1093 548 1125 de
572 1093 824 1125 immortalitate
849 1094 987 1136 cogitat,
1020 1094 1081 1126 sed
1105 1104 1223 1126 omnes
1247 1095 1291 1126 de
1315 1095 1448 1136 privata
1472 1095 1579 1127 salute
1597 1095 1744 1133 solliciti,
1761 1096 1805 1128 ad
1830 1107 1945 1128 curam
1963 1108 2014 1129 se-

163 1146 326 1187 metipsos
350 1146 467 1178 tuendi
492 1146 623 1178 animos
647 1157 666 1177 a
691 1148 963 1189 propugnatione
982 1154 1232 1179 converterant.
1280 1147 1413 1179 Tantus
1431 1155 1503 1180 erat
1520 1148 1790 1191 repugnantibus
1806 1149 2013 1193 defatigatis,

101 1198 139 1230 15
164 1205 208 1236 et,
233 1200 322 1231 inter
346 1205 395 1232 tot
419 1199 646 1237 difficultates,
663 1200 896 1232 laborantibus
921 1207 1030 1232 terror
1054 1201 1208 1237 iniectus,
1233 1201 1355 1243 quibus
1380 1202 1424 1233 ab
1448 1202 1585 1245 aggeris
1601 1202 1706 1234 tutela
1723 1202 2014 1241 discendentibus,

164 1252 260 1284 brevi
286 1253 400 1285 hostes
425 1253 700 1286 circumfluentes
724 1254 849 1296 optatis
873 1254 1101 1295 potiebantur.

619 1409 779 1442 N1coLA1
806 1410 961 1442 VITELLI
985 1420 1270 1443 MAGNANIMITAS
1286 1421 1333 1443 ET
1351 1421 1572 1444 PRUDENTIA.

250 1507 415 1540 Nicolaus
438 1508 586 1540 Vitellus
610 1514 734 1540 cuncta
758 1508 971 1549 prospiciens
995 1509 1178 1546 interritus,
1203 1520 1244 1541 ac
1268 1509 1361 1541 nullo
1379 1520 1535 1541 curarum
1553 1510 1716 1551 pondereÎ‡
1736 1511 1855 1548 fessus,
1873 1521 1947 1543 sese
1968 1511 2012 1543 ad

161 1572 279 1594 omnes
303 1572 402 1594 casus
425 1562 626 1603 tempestive
653 1561 801 1598 exhibet,
826 1562 975 1594 occurrit
999 1562 1212 1603 paventibus,
1237 1564 1402 1594 cedentes
1426 1564 1559 1601 retinet,
1588 1564 1807 1604 sa[u]ciorum
1832 1571 1866 1596 et
1889 1565 2013 1597 defati-

95 1615 137 1646 20
159 1621 317 1659 gatorum
342 1615 418 1647 loco
442 1615 584 1647 totidem
610 1615 742 1652 sufficit,
773 1622 1027 1656 peremptorum
1063 1615 1244 1653 cadavera,
1275 1627 1363 1658 quae
1388 1617 1464 1647 aliis
1488 1617 1608 1648 terrori
1634 1623 1740 1653 erant,
1769 1618 1901 1660 clypeis
1932 1628 2012 1649 con-

160 1669 230 1711 tegi
256 1668 361 1706 iubet,
386 1675 420 1700 et
445 1668 501 1699 ubi
528 1667 624 1700 labor
649 1668 823 1709 plurimus,
848 1668 918 1699 illic
944 1668 1097 1705 consilio,
1115 1679 1199 1700 voce
1217 1679 1387 1711 manuque
1405 1669 1667 1701 officiosissimus
1684 1670 1792 1707 adest,
1810 1671 1893 1702 etin
1910 1670 2010 1703 tanta'

160 1722 390 1764 trepidatione
415 1722 544 1753 nullum
568 1722 754 1753 constantis
779 1722 886 1757 ducis,
911 1728 969 1753 aut
992 1723 1119 1753 strenui
1145 1722 1269 1759 militis,
1283 1733 1403 1754 munus
1428 1723 1599 1755 formidat.
1631 1723 1841 1756 Instauratur
1865 1725 2008 1766 prelium

162 1776 343 1807 maximum
367 1781 470 1817 atque
495 1782 602 1813 atrox,
628 1786 718 1807 nunc
745 1775 875 1807 hostem
893 1775 1034 1816 pellunt,
1060 1786 1150 1807 nunc
1174 1775 1219 1807 ab
1244 1777 1340 1808 hoste
1366 1776 1555 1817 pelluntur:
1581 1778 1642 1809 sed
1666 1778 1750 1809 illud
1768 1788 1808 1809 eo
1827 1778 1928 1821 longe
1946 1779 2015 1810 for-

162 1828 357 1862 midabilius
382 1829 584 1866 effecerant,
616 1830 757 1872 grandis
789 1829 1005 1870 scorpionum
1038 1829 1280 1872 missiliumque
1314 1831 1484 1871 strepitus,
1516 1831 1829 1873 inextricabilisque
1861 1832 2015 1864 fremitus

95 1882 136 1914 25
161 1893 202 1915 ac
216 1882 391 1915 fluctuatio
407 1889 624 1919 armatorum,
641 1883 891 1925 clangoresque
909 1882 1064 1914 tubarum
1080 1883 1262 1919 innumeri,
1279 1883 1558 1925 cornicinumque
1576 1894 1617 1915 ac
1634 1890 1870 1927 tympanorum
1888 1886 2016 1917 sonitus

161 1937 307 1973 maximi,
324 1935 448 1978 quibus
471 1946 578 1979 usque
603 1946 739 1978 quaque
764 1935 875 1967 celum
900 1946 999 1967 omne
1025 1935 1174 1973 tonabat,
1205 1942 1240 1968 et
1263 1937 1375 1968 omnia
1407 1937 1546 1978 insuper
1568 1937 1765 1980 geminabat
1789 1938 1950 1970 conclusa
1981 1939 2016 1970 in

162 1989 308 2022 vallibus
332 1990 430 2027 echo,
455 2000 496 2021 ea
521 1996 662 2031 propter
686 1999 754 2021 non
778 1989 969 2021 mortalium
995 1990 1058 2035 hec
1083 1989 1145 2021 sed
1169 1990 1332 2022 celestum
1357 2000 1473 2033 pugna
1497 1990 1687 2022 videbatur.

627 2146 862 2178 TREPIDATIO
887 2155 1150 2179 OPPIDANORUM
1173 2156 1220 2178 EX
1244 2156 1360 2179 FALSO
1383 2157 1546 2179 RUMORE.

251 2252 412 2285 Exoritur
434 2252 566 2284 interea
590 2262 705 2284 rumor
728 2252 763 2283 in
787 2251 883 2289 urbe,
908 2252 1023 2284 hostes
1047 2253 1112 2283 iam
1137 2253 1238 2284 scalis
1265 2253 1353 2284 intra
1370 2253 1482 2284 menia
1499 2263 1573 2285 esse
1591 2260 1759 2296 receptaq,
1777 2261 1811 2287 et
1827 2255 1893 2287 huc
1909 2261 2011 2298 atque

97 2308 140 2339 30
162 2307 244 2339 illuc
268 2306 314 2338 ad
337 2306 545 2347 privatorum
570 2305 690 2337 domos
713 2305 918 2341 discurrere,
943 2305 1061 2337 obvios
1085 2305 1370 2337 immiserabiliter
1394 2305 1610 2343 obtruncare,
1635 2307 1736 2338 nullis
1759 2318 1914 2349 parcere,
1945 2319 2014 2340 om-

162 2361 219 2392 nia
243 2360 278 2391 in
301 2359 466 2401 praedam
490 2369 606 2402 agere.
652 2358 857 2400 Serpentine
884 2359 979 2390 furor
1003 2360 1104 2390 etiam
1129 2359 1173 2390 ad
1198 2369 1375 2391 caesorum
1408 2360 1554 2391 familias
1586 2360 1719 2392 delatus
1751 2368 1812 2397 est,
1836 2368 1905 2393 tota
1930 2361 2013 2394 urbe

162 2413 364 2455 trepidatur,
395 2423 460 2444 nec
485 2413 520 2444 in
543 2423 644 2454 quam
673 2418 805 2454 partem
837 2419 1020 2444 occurrant
1051 2413 1254 2456 intelligunt,
1279 2423 1365 2444 unus
1389 2420 1524 2454 captam
1548 2413 1665 2445 urbem
1692 2414 1808 2451 refert,
1840 2415 1925 2446 alius
1956 2425 2016 2457 op-

164 2467 366 2509 pidanorum
399 2465 503 2511 cedes
535 2472 721 2503 enumerat,
754 2471 787 2497 et
819 2476 861 2497 ex
893 2466 995 2497 nimia
1031 2466 1234 2498 credulitate
1260 2466 1364 2497 falsas
1397 2467 1497 2498 etiam
1531 2467 1620 2498 veris
1651 2474 1828 2510 aggregat,
1860 2468 2014 2510 plerique

163 2527 222 2553 aut
245 2521 279 2552 in
303 2519 462 2556 latebras,
487 2525 545 2551 aut
568 2520 603 2551 in
628 2519 703 2551 loca
727 2529 836 2557 sacra,
867 2529 944 2551 cum
970 2520 1115 2551 fortunis
1139 2530 1179 2551 ac
1205 2520 1291 2552 natis
1308 2519 1572 2562 diffugiendum,
1596 2527 1653 2552 aut
1677 2521 1720 2552 de
1745 2521 1849 2553 muris
1872 2522 2016 2554 descen-

99 2574 139 2607 35
164 2574 327 2611 dendum,
344 2574 547 2605 consultant.
596 2572 684 2605 Hinc
703 2573 856 2611 eiulatus,
875 2573 954 2605 hinc
973 2574 1174 2605 vociferatio
1191 2574 1388 2615 irrequieta,
1406 2574 1486 2606 hinc
1502 2574 1622 2615 pallor,
1640 2575 1720 2606 hinc
1738 2575 1819 2618 fuga
1837 2586 2014 2617 praeceps,

163 2628 295 2661 attoniti
321 2627 433 2660 vultus
458 2634 492 2659 et
516 2637 681 2673 converseÂ¹
705 2627 750 2658 ad
774 2627 886 2659 omnia
911 2633 1059 2664 mentesÍ¾
1085 2627 1170 2659 haec
1196 2627 1288 2658 urbis
1313 2628 1422 2659 facies
1446 2627 1581 2659 vicatim
1608 2634 1681 2660 erat
1705 2628 1918 2661 miseranda:

561 2782 802 2815 Enoch-Ano
827 2793 932 2815 mum
956 2793 1114 2816 Asamus
1138 2793 1184 2815 ET
1207 2793 1440 2816 OPPUGNATIO
1465 2793 1624 2817 summm.

254 2892 368 2924 Tanto
391 2892 426 2923 in
450 2897 597 2923 tremore
622 2890 799 2931 occupatis
812 2889 1074 2933 labantibusque
1091 2891 1282 2933 oppidanis,
1302 2891 1416 2923 hostes
1431 2892 1575 2933 primum
1593 2902 1754 2934 aggerem
1773 2892 1920 2925 victores
1935 2903 2017 2926 con-

165 2945 345 2982 scendunt,
376 2951 411 2977 et
433 2944 478 2976 ad
503 2943 702 2980 secundum,
717 2950 832 2975 mutuo
849 2953 884 2975 se
902 2943 1135 2982 adhortantes,
1159 2955 1227 2976 non
1251 2945 1381 2976 minore
1400 2944 1524 2976 fiducia
1542 2945 1776 2977 vehementius
1802 2945 2016 2979 deferuntur.

101 2999 142 3031 40
166 2998 306 3032 Obsessi
330 3004 455 3033 autem,
486 3003 554 3029 tum
581 2997 678 3038 primi
704 2996 876 3038 deperditi
901 2996 1044 3038 pudore,
1074 3003 1143 3029 tum
1161 2997 1261 3030 solita
1283 2997 1406 3030 virtute
1431 2997 1544 3029 acrius
1568 2998 1737 3036 resistunt,
1760 2998 1922 3041 aliudque
1941 3010 2016 3032 cer-

257 3123 277 3148 1.
287 3122 332 3156 6-7
345 3129 452 3148 -sorum
466 3124 572 3146 mentes
586 3122 620 3150 A,
635 3129 660 3154 p.
675 3127 717 3154 7Â²Î‡
728 3134 760 3138 â€”
774 3122 792 3146 Î™.
809 3120 940 3146 181'essus
957 3121 986 3150 T.
996 3128 1020 3147 c.
1031 3126 1091 3153 710.
1103 3135 1135 3140 â€”
1146 3121 1165 3147 1.
1176 3128 1208 3146 22
1221 3122 1412 3154 trepidatione
1424 3122 1459 3151 A,
1470 3130 1496 3156 p.
1508 3128 1550 3155 73.
1562 3135 1594 3140 â€”
1607 3123 1625 3148 1.
1637 3128 1668 3155 37
1679 3123 1879 3148 Exruonxrio
1889 3124 1923 3153 A,
1934 3131 1961 3156 p.
1972 3130 2014 3156 â·â´Î‡

2039 523 2179 546 Serpentium.

2029 894 2177 918 Serpa-minae
2187 894 2252 914 vireÎ‡

2035 1736 2122 1755 Horror
2135 1735 2208 1760 prelii.

2035 2003 2105 2023 Echo.
