<?xml version="1.0" encoding="UTF-8"?>
<!DOCTYPE html PUBLIC "-//W3C//DTD XHTML 1.0 Transitional//EN"
    "http://www.w3.org/TR/xhtml1/DTD/xhtml1-transitional.dtd">
<html xmlns="http://www.w3.org/1999/xhtml" xml:lang="en" lang="en">
 <head>
  <title>
</title>
<meta http-equiv="Content-Type" content="text/html;charset=utf-8" />
  <meta name='ocr-system' content='tesseract 3.04.00' />
  <meta name='ocr-capabilities' content='ocr_page ocr_carea ocr_par ocr_line ocrx_word'/>
</head>
<body>
  <div class='ocr_page' id='page_1' title='image "./p3f1rerumitalica27murauoft_0080.png"; bbox 0 0 2388 3439; ppageno 0'>
   <div class='ocr_carea' id='block_1_1' title="bbox 1080 183 1457 220">
    <p class='ocr_par' dir='ltr' id='par_1_1' title="bbox 1080 183 1457 220">
     <span class='ocr_line' id='line_1_1' title="bbox 1080 183 1457 220; baseline -0.005 0"><span class='ocrx_word' id='word_1_1' title='bbox 1080 184 1311 220; x_wconf 89' lang='lat' dir='ltr'><strong>ROBERTI</strong></span> <span class='ocrx_word' id='word_1_2' title='bbox 1338 183 1457 218; x_wconf 93' lang='lat' dir='ltr'>URSI</span> 
     </span>
    </p>
   </div>
   <div class='ocr_carea' id='block_1_2' title="bbox 349 305 2200 1153">
    <p class='ocr_par' dir='ltr' id='par_1_2' title="bbox 349 305 2200 1153">
     <span class='ocr_line' id='line_1_2' title="bbox 349 305 2193 351; baseline -0.006 -4"><span class='ocrx_word' id='word_1_3' title='bbox 349 315 487 347; x_wconf 83' lang='lat' dir='ltr'>luntatis</span> <span class='ocrx_word' id='word_1_4' title='bbox 510 313 693 349; x_wconf 89' lang='lat' dir='ltr'>temeritas,</span> <span class='ocrx_word' id='word_1_5' title='bbox 707 323 782 343; x_wconf 90' lang='lat' dir='ltr'>sera</span> <span class='ocrx_word' id='word_1_6' title='bbox 807 310 1023 342; x_wconf 79' lang='lat' dir='ltr'>extimatione</span> <span class='ocrx_word' id='word_1_7' title='bbox 1048 310 1217 341; x_wconf 87' lang='lat' dir='ltr'>incassum</span> <span class='ocrx_word' id='word_1_8' title='bbox 1242 309 1404 351; x_wconf 84' lang='lat' dir='ltr'><strong>arguitur.</strong></span> <span class='ocrx_word' id='word_1_9' title='bbox 1448 306 1619 343; x_wconf 84' lang='lat' dir='ltr'>Quorsum</span> <span class='ocrx_word' id='word_1_10' title='bbox 1644 305 1753 337; x_wconf 84' lang='lat' dir='ltr'>haec?</span> <span class='ocrx_word' id='word_1_11' title='bbox 1780 305 1953 337; x_wconf 82' lang='lat' dir='ltr'><strong>Habemus</strong></span> <span class='ocrx_word' id='word_1_12' title='bbox 1981 311 2059 337; x_wconf 87' lang='lat' dir='ltr'>ante</span> <span class='ocrx_word' id='word_1_13' title='bbox 2077 306 2193 337; x_wconf 89' lang='lat' dir='ltr'>oculos</span> 
     </span>
     <span class='ocr_line' id='line_1_3' title="bbox 351 358 2193 409; baseline -0.006 -9"><span class='ocrx_word' id='word_1_14' title='bbox 351 368 479 404; x_wconf 88' lang='lat' dir='ltr'>urbem,</span> <span class='ocrx_word' id='word_1_15' title='bbox 504 378 605 409; x_wconf 89' lang='lat' dir='ltr'>quam</span> <span class='ocrx_word' id='word_1_16' title='bbox 629 367 663 397; x_wconf 94' lang='lat' dir='ltr'>in</span> <span class='ocrx_word' id='word_1_17' title='bbox 688 365 929 407; x_wconf 83' lang='lat' dir='ltr'>congressione</span> <span class='ocrx_word' id='word_1_18' title='bbox 954 364 1061 404; x_wconf 89' lang='lat' dir='ltr'>prima</span> <span class='ocrx_word' id='word_1_19' title='bbox 1086 373 1154 394; x_wconf 87' lang='lat' dir='ltr'>non</span> <span class='ocrx_word' id='word_1_20' title='bbox 1178 372 1365 403; x_wconf 79' lang='lat' dir='ltr'>occupasse</span> <span class='ocrx_word' id='word_1_21' title='bbox 1390 361 1600 396; x_wconf 83' lang='lat' dir='ltr'>damnamur,</span> <span class='ocrx_word' id='word_1_22' title='bbox 1625 360 1659 390; x_wconf 90' lang='lat' dir='ltr'>in</span> <span class='ocrx_word' id='word_1_23' title='bbox 1685 359 1785 400; x_wconf 88' lang='lat' dir='ltr'>plano</span> <span class='ocrx_word' id='word_1_24' title='bbox 1811 358 1926 395; x_wconf 86' lang='lat' dir='ltr'>sitam,&#39;</span> <span class='ocrx_word' id='word_1_25' title='bbox 1952 358 2111 395; x_wconf 81' lang='lat' dir='ltr'>debilem,</span> <span class='ocrx_word' id='word_1_26' title='bbox 2143 360 2193 389; x_wconf 92' lang='lat' dir='ltr'>in-</span> 
     </span>
     <span class='ocr_line' id='line_1_4' title="bbox 350 411 2193 457; baseline -0.006 -4"><span class='ocrx_word' id='word_1_27' title='bbox 350 422 539 457; x_wconf 76' lang='lat' dir='ltr'>defensam,</span> <span class='ocrx_word' id='word_1_28' title='bbox 564 419 745 454; x_wconf 85' lang='lat' dir='ltr'>labantem,</span> <span class='ocrx_word' id='word_1_29' title='bbox 770 417 974 448; x_wconf 75' lang='lat' dir='ltr'>famelicam.</span> <span class='ocrx_word' id='word_1_30' title='bbox 1021 414 1156 456; x_wconf 87' lang='lat' dir='ltr'>Cupido</span> <span class='ocrx_word' id='word_1_31' title='bbox 1180 415 1301 457; x_wconf 85' lang='lat' dir='ltr'>ingens</span> <span class='ocrx_word' id='word_1_32' title='bbox 1326 414 1438 444; x_wconf 91' lang='lat' dir='ltr'>animo</span> <span class='ocrx_word' id='word_1_33' title='bbox 1462 413 1601 444; x_wconf 82' lang='lat' dir='ltr'>incessit</span> <span class='ocrx_word' id='word_1_34' title='bbox 1624 413 1659 443; x_wconf 90' lang='lat' dir='ltr'>in</span> <span class='ocrx_word' id='word_1_35' title='bbox 1684 422 1723 443; x_wconf 85' lang='lat' dir='ltr'>ea</span> <span class='ocrx_word' id='word_1_36' title='bbox 1748 411 1990 453; x_wconf 87' lang='lat' dir='ltr'>oppugnanda,</span> <span class='ocrx_word' id='word_1_37' title='bbox 2007 412 2193 452; x_wconf 89' lang='lat' dir='ltr'>impresen-</span> 
     </span>
     <span class='ocr_line' id='line_1_5' title="bbox 351 465 2194 511; baseline -0.006 -5"><span class='ocrx_word' id='word_1_38' title='bbox 351 476 471 506; x_wconf 88' lang='lat' dir='ltr'>tiarum</span> <span class='ocrx_word' id='word_1_39' title='bbox 496 473 576 505; x_wconf 91' lang='lat' dir='ltr'>belli</span> <span class='ocrx_word' id='word_1_40' title='bbox 602 473 771 503; x_wconf 79' lang='lat' dir='ltr'>fortunam</span> <span class='ocrx_word' id='word_1_41' title='bbox 797 470 955 511; x_wconf 71' lang='lat' dir='ltr'>experiri,</span> <span class='ocrx_word' id='word_1_42' title='bbox 980 479 1081 511; x_wconf 89' lang='lat' dir='ltr'>quam</span> <span class='ocrx_word' id='word_1_43' title='bbox 1113 478 1213 509; x_wconf 87' lang='lat' dir='ltr'>spero</span> <span class='ocrx_word' id='word_1_44' title='bbox 1245 467 1534 503; x_wconf 82' lang='lat' dir='ltr'>secundissimam,</span> <span class='ocrx_word' id='word_1_45' title='bbox 1567 472 1726 506; x_wconf 77' lang='lat' dir='ltr'>expertus</span> <span class='ocrx_word' id='word_1_46' title='bbox 1751 474 2006 505; x_wconf 85' lang='lat' dir='ltr'>saepenumero,</span> <span class='ocrx_word' id='word_1_47' title='bbox 2032 465 2131 496; x_wconf 90' lang='lat' dir='ltr'>etiam</span> <span class='ocrx_word' id='word_1_48' title='bbox 2160 465 2194 495; x_wconf 91' lang='lat' dir='ltr'>in</span> 
     </span>
     <span class='ocr_line' id='line_1_6' title="bbox 351 517 2195 569; baseline -0.006 -10"><span class='ocrx_word' id='word_1_49' title='bbox 351 538 473 569; x_wconf 90' lang='lat' dir='ltr'>aspero</span> <span class='ocrx_word' id='word_1_50' title='bbox 490 527 597 568; x_wconf 88' lang='lat' dir='ltr'>magis</span> <span class='ocrx_word' id='word_1_51' title='bbox 614 525 762 567; x_wconf 86' lang='lat' dir='ltr'>negotio,</span> <span class='ocrx_word' id='word_1_52' title='bbox 776 523 877 555; x_wconf 86' lang='lat' dir='ltr'>fidem</span> <span class='ocrx_word' id='word_1_53' title='bbox 891 528 1037 554; x_wconf 88' lang='lat' dir='ltr'>vestram</span> <span class='ocrx_word' id='word_1_54' title='bbox 1054 528 1156 563; x_wconf 90' lang='lat' dir='ltr'>atque</span> <span class='ocrx_word' id='word_1_55' title='bbox 1170 521 1338 557; x_wconf 88' lang='lat' dir='ltr'>virtutem,</span> <span class='ocrx_word' id='word_1_56' title='bbox 1356 519 1550 551; x_wconf 88' lang='lat' dir='ltr'>cunctando</span> <span class='ocrx_word' id='word_1_57' title='bbox 1564 519 1714 553; x_wconf 85' lang='lat' dir='ltr'>ulterius,</span> <span class='ocrx_word' id='word_1_58' title='bbox 1726 518 1907 549; x_wconf 80' lang='lat' dir='ltr'>detrahere</span> <span class='ocrx_word' id='word_1_59' title='bbox 1925 517 2044 548; x_wconf 85' lang='lat' dir='ltr'>videor</span> <span class='ocrx_word' id='word_1_60' title='bbox 2061 517 2195 549; x_wconf 90' lang='lat' dir='ltr'>cumulo</span> 
     </span>
     <span class='ocr_line' id='line_1_7' title="bbox 350 570 2193 619; baseline -0.007 -7"><span class='ocrx_word' id='word_1_61' title='bbox 350 592 462 612; x_wconf 87' lang='lat' dir='ltr'>rerum</span> <span class='ocrx_word' id='word_1_62' title='bbox 487 591 506 611; x_wconf 90' lang='lat' dir='ltr'>a</span> <span class='ocrx_word' id='word_1_63' title='bbox 530 579 626 610; x_wconf 89' lang='lat' dir='ltr'>vobis</span> <span class='ocrx_word' id='word_1_64' title='bbox 650 588 813 619; x_wconf 89' lang='lat' dir='ltr'>prospere</span> <span class='ocrx_word' id='word_1_65' title='bbox 837 582 1020 619; x_wconf 83' lang='lat' dir='ltr'>gestarum.</span> <span class='ocrx_word' id='word_1_66' title='bbox 1044 575 1166 617; x_wconf 89' lang='lat' dir='ltr'>quibus</span> <span class='ocrx_word' id='word_1_67' title='bbox 1198 574 1282 604; x_wconf 86' lang='lat' dir='ltr'>nihil</span> <span class='ocrx_word' id='word_1_68' title='bbox 1314 574 1515 604; x_wconf 89' lang='lat' dir='ltr'>intentatum</span> <span class='ocrx_word' id='word_1_69' title='bbox 1547 582 1695 613; x_wconf 90' lang='lat' dir='ltr'>unquam</span> <span class='ocrx_word' id='word_1_70' title='bbox 1727 572 1846 602; x_wconf 79' lang='lat' dir='ltr'>extitit.</span> <span class='ocrx_word' id='word_1_71' title='bbox 1893 570 2193 613; x_wconf 89' lang='lat' dir='ltr'>Oppugnationem</span> 
     </span>
     <span class='ocr_line' id='line_1_8' title="bbox 352 623 2196 675; baseline -0.005 -10"><span class='ocrx_word' id='word_1_72' title='bbox 352 635 440 664; x_wconf 91' lang='lat' dir='ltr'>hanc</span> <span class='ocrx_word' id='word_1_73' title='bbox 465 633 566 675; x_wconf 82' lang='lat' dir='ltr'>igitur</span> <span class='ocrx_word' id='word_1_74' title='bbox 590 630 852 663; x_wconf 88' lang='lat' dir='ltr'>accelerandam</span> <span class='ocrx_word' id='word_1_75' title='bbox 876 639 965 665; x_wconf 89' lang='lat' dir='ltr'>reor,</span> <span class='ocrx_word' id='word_1_76' title='bbox 989 628 1069 660; x_wconf 91' lang='lat' dir='ltr'>dum</span> <span class='ocrx_word' id='word_1_77' title='bbox 1093 625 1263 668; x_wconf 89' lang='lat' dir='ltr'>temporis&#39;</span> <span class='ocrx_word' id='word_1_78' title='bbox 1288 626 1471 657; x_wconf 85' lang='lat' dir='ltr'>serenitate</span> <span class='ocrx_word' id='word_1_79' title='bbox 1497 625 1649 661; x_wconf 82' lang='lat' dir='ltr'>fruimur,</span> <span class='ocrx_word' id='word_1_80' title='bbox 1668 625 1693 655; x_wconf 91' lang='lat' dir='ltr'>si</span> <span class='ocrx_word' id='word_1_81' title='bbox 1711 631 1823 656; x_wconf 89' lang='lat' dir='ltr'>autem</span> <span class='ocrx_word' id='word_1_82' title='bbox 1841 623 1966 655; x_wconf 87' lang='lat' dir='ltr'>imbres</span> <span class='ocrx_word' id='word_1_83' title='bbox 1990 634 2196 664; x_wconf 86' lang='lat' dir='ltr'>supervene-</span> 
     </span>
     <span class='ocr_line' id='line_1_9' title="bbox 350 677 2196 728; baseline -0.006 -9"><span class='ocrx_word' id='word_1_84' title='bbox 350 689 428 725; x_wconf 85' lang='lat' dir='ltr'>rint,</span> <span class='ocrx_word' id='word_1_85' title='bbox 453 686 572 728; x_wconf 83' lang='lat' dir='ltr'>quales</span> <span class='ocrx_word' id='word_1_86' title='bbox 596 690 672 726; x_wconf 88' lang='lat' dir='ltr'>post</span> <span class='ocrx_word' id='word_1_87' title='bbox 696 685 833 726; x_wconf 87' lang='lat' dir='ltr'>longam</span> <span class='ocrx_word' id='word_1_88' title='bbox 857 682 1076 713; x_wconf 82' lang='lat' dir='ltr'>serenitatem</span> <span class='ocrx_word' id='word_1_89' title='bbox 1101 680 1243 712; x_wconf 78' lang='lat' dir='ltr'>timendi</span> <span class='ocrx_word' id='word_1_90' title='bbox 1261 686 1347 716; x_wconf 88' lang='lat' dir='ltr'>sunt,</span> <span class='ocrx_word' id='word_1_91' title='bbox 1366 677 1566 710; x_wconf 79' lang='lat' dir='ltr'>exultabunt</span> <span class='ocrx_word' id='word_1_92' title='bbox 1582 677 1712 709; x_wconf 85' lang='lat' dir='ltr'>obsessi</span> <span class='ocrx_word' id='word_1_93' title='bbox 1729 684 1890 719; x_wconf 86' lang='lat' dir='ltr'>tanquam</span> <span class='ocrx_word' id='word_1_94' title='bbox 1907 682 2049 717; x_wconf 88' lang='lat' dir='ltr'>recepto</span> <span class='ocrx_word' id='word_1_95' title='bbox 2066 677 2196 719; x_wconf 85' lang='lat' dir='ltr'>ingenti</span> 
     </span>
     <span class='ocr_line' id='line_1_10' title="bbox 352 730 2196 786; baseline -0.007 -14"><span class='ocrx_word' id='word_1_96' title='bbox 352 740 512 786; x_wconf 61' lang='lat' dir='ltr'>presidio.</span> <span class='ocrx_word' id='word_1_97' title='bbox 560 738 632 769; x_wconf 91' lang='lat' dir='ltr'>Nos</span> <span class='ocrx_word' id='word_1_98' title='bbox 657 748 738 768; x_wconf 92' lang='lat' dir='ltr'>vero</span> <span class='ocrx_word' id='word_1_99' title='bbox 762 742 820 767; x_wconf 88' lang='lat' dir='ltr'>aut</span> <span class='ocrx_word' id='word_1_100' title='bbox 844 736 879 766; x_wconf 91' lang='lat' dir='ltr'>in</span> <span class='ocrx_word' id='word_1_101' title='bbox 904 735 955 766; x_wconf 90' lang='lat' dir='ltr'>his</span> <span class='ocrx_word' id='word_1_102' title='bbox 981 734 1119 766; x_wconf 88' lang='lat' dir='ltr'>cretatis</span> <span class='ocrx_word' id='word_1_103' title='bbox 1143 733 1283 765; x_wconf 87' lang='lat' dir='ltr'>saltibus</span> <span class='ocrx_word' id='word_1_104' title='bbox 1318 731 1573 773; x_wconf 86' lang='lat' dir='ltr'>occupabimur,</span> <span class='ocrx_word' id='word_1_105' title='bbox 1604 737 1662 763; x_wconf 89' lang='lat' dir='ltr'>aut</span> <span class='ocrx_word' id='word_1_106' title='bbox 1686 731 1780 762; x_wconf 91' lang='lat' dir='ltr'>irrito</span> <span class='ocrx_word' id='word_1_107' title='bbox 1804 730 1936 762; x_wconf 89' lang='lat' dir='ltr'>obsidio</span> <span class='ocrx_word' id='word_1_108' title='bbox 1972 730 2196 773; x_wconf 87' lang='lat' dir='ltr'>ignominiose</span> 
     </span>
     <span class='ocr_line' id='line_1_11' title="bbox 352 783 2197 837; baseline -0.007 -12"><span class='ocrx_word' id='word_1_109' title='bbox 352 804 514 837; x_wconf 86' lang='lat' dir='ltr'>cogemur</span> <span class='ocrx_word' id='word_1_110' title='bbox 538 792 605 823; x_wconf 88' lang='lat' dir='ltr'>alio</span> <span class='ocrx_word' id='word_1_111' title='bbox 631 797 741 822; x_wconf 85' lang='lat' dir='ltr'>castra</span> <span class='ocrx_word' id='word_1_112' title='bbox 765 789 969 825; x_wconf 84' lang='lat' dir='ltr'>transferre3</span> <span class='ocrx_word' id='word_1_113' title='bbox 995 798 1104 829; x_wconf 90' lang='lat' dir='ltr'>eoque</span> <span class='ocrx_word' id='word_1_114' title='bbox 1129 793 1241 828; x_wconf 89' lang='lat' dir='ltr'>pacto,</span> <span class='ocrx_word' id='word_1_115' title='bbox 1266 792 1457 827; x_wconf 85' lang='lat' dir='ltr'>sumptuum</span> <span class='ocrx_word' id='word_1_116' title='bbox 1482 785 1715 826; x_wconf 90' lang='lat' dir='ltr'>laborumque,</span> <span class='ocrx_word' id='word_1_117' title='bbox 1733 790 1857 815; x_wconf 89' lang='lat' dir='ltr'>eventu</span> <span class='ocrx_word' id='word_1_118' title='bbox 1888 784 2061 822; x_wconf 87' lang='lat' dir='ltr'>frustrato,</span> <span class='ocrx_word' id='word_1_119' title='bbox 2084 783 2197 825; x_wconf 87' lang='lat' dir='ltr'>palam</span> 
     </span>
     <span class='ocr_line' id='line_1_12' title="bbox 352 837 2198 885; baseline -0.006 -6"><span class='ocrx_word' id='word_1_120' title='bbox 352 847 584 879; x_wconf 84' lang='lat' dir='ltr'>irridebimur:</span> <span class='ocrx_word' id='word_1_121' title='bbox 609 844 753 885; x_wconf 86' lang='lat' dir='ltr'>tempori</span> <span class='ocrx_word' id='word_1_122' title='bbox 779 853 861 885; x_wconf 86' lang='lat' dir='ltr'>ergo</span> <span class='ocrx_word' id='word_1_123' title='bbox 886 841 1132 873; x_wconf 90' lang='lat' dir='ltr'>consulendum</span> <span class='ocrx_word' id='word_1_124' title='bbox 1157 839 1313 873; x_wconf 84' lang='lat' dir='ltr'>arbitror,</span> <span class='ocrx_word' id='word_1_125' title='bbox 1338 840 1417 871; x_wconf 89' lang='lat' dir='ltr'>dum</span> <span class='ocrx_word' id='word_1_126' title='bbox 1443 839 1630 870; x_wconf 88' lang='lat' dir='ltr'>clementer</span> <span class='ocrx_word' id='word_1_127' title='bbox 1655 837 1752 869; x_wconf 87' lang='lat' dir='ltr'>nobis</span> <span class='ocrx_word' id='word_1_128' title='bbox 1777 848 1912 879; x_wconf 91' lang='lat' dir='ltr'>quoque</span> <span class='ocrx_word' id='word_1_129' title='bbox 1937 844 2091 879; x_wconf 88' lang='lat' dir='ltr'>tempora</span> <span class='ocrx_word' id='word_1_130' title='bbox 2117 847 2198 868; x_wconf 94' lang='lat' dir='ltr'>con-</span> 
     </span>
     <span class='ocr_line' id='line_1_13' title="bbox 353 889 2197 938; baseline -0.007 -6"><span class='ocrx_word' id='word_1_131' title='bbox 353 900 476 932; x_wconf 90' lang='lat' dir='ltr'>sulunt.</span> <span class='ocrx_word' id='word_1_132' title='bbox 522 898 595 930; x_wconf 86' lang='lat' dir='ltr'>Vos</span> <span class='ocrx_word' id='word_1_133' title='bbox 619 903 742 933; x_wconf 86' lang='lat' dir='ltr'>autem,</span> <span class='ocrx_word' id='word_1_134' title='bbox 767 895 850 938; x_wconf 88' lang='lat' dir='ltr'>quid</span> <span class='ocrx_word' id='word_1_135' title='bbox 874 894 1037 931; x_wconf 86' lang='lat' dir='ltr'>sentiatis,</span> <span class='ocrx_word' id='word_1_136' title='bbox 1061 893 1105 925; x_wconf 91' lang='lat' dir='ltr'>ab</span> <span class='ocrx_word' id='word_1_137' title='bbox 1130 893 1290 934; x_wconf 90' lang='lat' dir='ltr'>opinione</span> <span class='ocrx_word' id='word_1_138' title='bbox 1314 899 1428 924; x_wconf 83' lang='lat' dir='ltr'>nostra</span> <span class='ocrx_word' id='word_1_139' title='bbox 1457 892 1637 923; x_wconf 89' lang='lat' dir='ltr'>dissentire</span> <span class='ocrx_word' id='word_1_140' title='bbox 1669 901 1841 932; x_wconf 90' lang='lat' dir='ltr'>nunquam</span> <span class='ocrx_word' id='word_1_141' title='bbox 1867 891 1966 925; x_wconf 83' lang='lat' dir='ltr'>soliti,</span> <span class='ocrx_word' id='word_1_142' title='bbox 1991 891 2026 921; x_wconf 91' lang='lat' dir='ltr'>in</span> <span class='ocrx_word' id='word_1_143' title='bbox 2048 889 2197 922; x_wconf 90' lang='lat' dir='ltr'>medium</span> 
     </span>
     <span class='ocr_line' id='line_1_14' title="bbox 353 943 2199 991; baseline -0.006 -6"><span class='ocrx_word' id='word_1_144' title='bbox 353 954 455 991; x_wconf 90' lang='lat' dir='ltr'>edite,</span> <span class='ocrx_word' id='word_1_145' title='bbox 481 953 566 984; x_wconf 87' lang='lat' dir='ltr'>haec</span> <span class='ocrx_word' id='word_1_146' title='bbox 592 951 689 982; x_wconf 86' lang='lat' dir='ltr'>vobis</span> <span class='ocrx_word' id='word_1_147' title='bbox 714 960 782 981; x_wconf 89' lang='lat' dir='ltr'>non</span> <span class='ocrx_word' id='word_1_148' title='bbox 806 949 869 980; x_wconf 90' lang='lat' dir='ltr'>nisi</span> <span class='ocrx_word' id='word_1_149' title='bbox 895 959 935 979; x_wconf 91' lang='lat' dir='ltr'>ea</span> <span class='ocrx_word' id='word_1_150' title='bbox 952 948 1029 990; x_wconf 82' lang='lat' dir='ltr'>lege</span> <span class='ocrx_word' id='word_1_151' title='bbox 1048 958 1119 978; x_wconf 84' lang='lat' dir='ltr'>sum</span> <span class='ocrx_word' id='word_1_152' title='bbox 1137 947 1323 988; x_wconf 86' lang='lat' dir='ltr'>praefatus.</span> <span class='ocrx_word' id='word_1_153' title='bbox 1369 945 1513 976; x_wconf 87' lang='lat' dir='ltr'>Servato</span> <span class='ocrx_word' id='word_1_154' title='bbox 1537 955 1720 986; x_wconf 88' lang='lat' dir='ltr'>parumper</span> <span class='ocrx_word' id='word_1_155' title='bbox 1744 944 1888 980; x_wconf 86' lang='lat' dir='ltr'>silentio,</span> <span class='ocrx_word' id='word_1_156' title='bbox 1905 950 1974 975; x_wconf 84' lang='lat' dir='ltr'>turn</span> <span class='ocrx_word' id='word_1_157' title='bbox 1992 943 2036 975; x_wconf 92' lang='lat' dir='ltr'>ob</span> <span class='ocrx_word' id='word_1_158' title='bbox 2053 943 2199 986; x_wconf 85' lang='lat' dir='ltr'>dignita-</span> 
     </span>
     <span class='ocr_line' id='line_1_15' title="bbox 352 997 2199 1049; baseline -0.005 -11"><span class='ocrx_word' id='word_1_159' title='bbox 352 1014 420 1039; x_wconf 90' lang='lat' dir='ltr'>tem</span> <span class='ocrx_word' id='word_1_160' title='bbox 445 1006 559 1049; x_wconf 85' lang='lat' dir='ltr'>legati,</span> <span class='ocrx_word' id='word_1_161' title='bbox 583 1010 653 1036; x_wconf 83' lang='lat' dir='ltr'>tum</span> <span class='ocrx_word' id='word_1_162' title='bbox 678 1003 722 1035; x_wconf 93' lang='lat' dir='ltr'>ob</span> <span class='ocrx_word' id='word_1_163' title='bbox 746 1003 795 1034; x_wconf 93' lang='lat' dir='ltr'>rei</span> <span class='ocrx_word' id='word_1_164' title='bbox 820 1002 954 1043; x_wconf 88' lang='lat' dir='ltr'>pondus</span> <span class='ocrx_word' id='word_1_165' title='bbox 978 1002 1189 1037; x_wconf 81' lang='lat' dir='ltr'>immensum,</span> <span class='ocrx_word' id='word_1_166' title='bbox 1220 1010 1288 1031; x_wconf 90' lang='lat' dir='ltr'>non</span> <span class='ocrx_word' id='word_1_167' title='bbox 1304 999 1387 1030; x_wconf 88' lang='lat' dir='ltr'>nulli</span> <span class='ocrx_word' id='word_1_168' title='bbox 1404 999 1546 1040; x_wconf 91' lang='lat' dir='ltr'>pudore,</span> <span class='ocrx_word' id='word_1_169' title='bbox 1564 1008 1631 1029; x_wconf 90' lang='lat' dir='ltr'>non</span> <span class='ocrx_word' id='word_1_170' title='bbox 1648 998 1731 1028; x_wconf 90' lang='lat' dir='ltr'>nulli</span> <span class='ocrx_word' id='word_1_171' title='bbox 1755 998 1885 1033; x_wconf 84' lang='lat' dir='ltr'>timore,</span> <span class='ocrx_word' id='word_1_172' title='bbox 1903 1007 1977 1028; x_wconf 91' lang='lat' dir='ltr'>sese</span> <span class='ocrx_word' id='word_1_173' title='bbox 2001 997 2045 1028; x_wconf 89' lang='lat' dir='ltr'>ab</span> <span class='ocrx_word' id='word_1_174' title='bbox 2069 997 2199 1029; x_wconf 92' lang='lat' dir='ltr'>orando</span> 
     </span>
     <span class='ocr_line' id='line_1_16' title="bbox 354 1051 2200 1094; baseline -0.006 -2"><span class='ocrx_word' id='word_1_175' title='bbox 354 1065 549 1092; x_wconf 78' lang='lat' dir='ltr'>exonerant.</span> <span class='ocrx_word' id='word_1_176' title='bbox 596 1057 765 1093; x_wconf 85' lang='lat' dir='ltr'>Tandem,</span> <span class='ocrx_word' id='word_1_177' title='bbox 783 1067 825 1087; x_wconf 77' lang='lat' dir='ltr'>ex</span> <span class='ocrx_word' id='word_1_178' title='bbox 841 1055 1120 1087; x_wconf 89' lang='lat' dir='ltr'>concionatorum</span> <span class='ocrx_word' id='word_1_179' title='bbox 1137 1063 1289 1090; x_wconf 91' lang='lat' dir='ltr'>numero,</span> <span class='ocrx_word' id='word_1_180' title='bbox 1313 1053 1438 1094; x_wconf 91' lang='lat' dir='ltr'>plures,</span> <span class='ocrx_word' id='word_1_181' title='bbox 1455 1062 1548 1083; x_wconf 90' lang='lat' dir='ltr'>more</span> <span class='ocrx_word' id='word_1_182' title='bbox 1565 1051 1712 1088; x_wconf 88' lang='lat' dir='ltr'>militari,</span> <span class='ocrx_word' id='word_1_183' title='bbox 1730 1051 1888 1082; x_wconf 85' lang='lat' dir='ltr'>intercise</span> <span class='ocrx_word' id='word_1_184' title='bbox 1905 1057 2007 1092; x_wconf 88' lang='lat' dir='ltr'>atque</span> <span class='ocrx_word' id='word_1_185' title='bbox 2025 1051 2200 1093; x_wconf 87' lang='lat' dir='ltr'>inelegan-</span> 
     </span>
     <span class='ocr_line' id='line_1_17' title="bbox 353 1104 1688 1153; baseline -0.008 -7"><span class='ocrx_word' id='word_1_186' title='bbox 353 1121 404 1146; x_wconf 86' lang='lat' dir='ltr'>ter</span> <span class='ocrx_word' id='word_1_187' title='bbox 428 1114 474 1145; x_wconf 90' lang='lat' dir='ltr'>ita</span> <span class='ocrx_word' id='word_1_188' title='bbox 498 1111 760 1153; x_wconf 87' lang='lat' dir='ltr'>responderunt,</span> <span class='ocrx_word' id='word_1_189' title='bbox 785 1109 930 1141; x_wconf 85' lang='lat' dir='ltr'>caeteris</span> <span class='ocrx_word' id='word_1_190' title='bbox 954 1108 998 1139; x_wconf 88' lang='lat' dir='ltr'>ab</span> <span class='ocrx_word' id='word_1_191' title='bbox 1023 1106 1210 1139; x_wconf 89' lang='lat' dir='ltr'>eorundem</span> <span class='ocrx_word' id='word_1_192' title='bbox 1235 1117 1294 1138; x_wconf 91' lang='lat' dir='ltr'>ore</span> <span class='ocrx_word' id='word_1_193' title='bbox 1319 1104 1688 1147; x_wconf 87' lang='lat' dir='ltr'>circumpendentibus.</span> 
     </span>
    </p>
   </div>
   <div class='ocr_carea' id='block_1_3' title="bbox 832 1235 1722 1266">
    <p class='ocr_par' dir='ltr' id='par_1_3' title="bbox 832 1235 1722 1266">
     <span class='ocr_line' id='line_1_18' title="bbox 832 1235 1722 1266; baseline -0.006 0"><span class='ocrx_word' id='word_1_194' title='bbox 832 1235 1035 1266; x_wconf 84' lang='lat' dir='ltr'>RESPONSIO</span> <span class='ocrx_word' id='word_1_195' title='bbox 1061 1241 1184 1264; x_wconf 85' lang='lat' dir='ltr'><strong>FACTA</strong></span> <span class='ocrx_word' id='word_1_196' title='bbox 1209 1241 1354 1263; x_wconf 77' lang='lat' dir='ltr'><strong>LEGATO</strong></span> <span class='ocrx_word' id='word_1_197' title='bbox 1379 1241 1447 1262; x_wconf 88' lang='lat' dir='ltr'>PER</span> <span class='ocrx_word' id='word_1_198' title='bbox 1472 1240 1577 1262; x_wconf 87' lang='lat' dir='ltr'>BELLI</span> <span class='ocrx_word' id='word_1_199' title='bbox 1602 1240 1722 1262; x_wconf 89' lang='lat' dir='ltr'>DUCES.</span> 
     </span>
    </p>
   </div>
   <div class='ocr_carea' id='block_1_4' title="bbox 354 1315 2209 2213">
    <p class='ocr_par' dir='ltr' id='par_1_4' title="bbox 354 1315 2209 2213">
     <span class='ocr_line' id='line_1_19' title="bbox 442 1315 2201 1365; baseline -0.005 -9"><span class='ocrx_word' id='word_1_200' title='bbox 442 1323 719 1365; x_wconf 85' lang='lat' dir='ltr'>Intempestivum</span> <span class='ocrx_word' id='word_1_201' title='bbox 733 1332 774 1353; x_wconf 89' lang='lat' dir='ltr'>ac</span> <span class='ocrx_word' id='word_1_202' title='bbox 792 1320 1114 1362; x_wconf 88' lang='lat' dir='ltr'>periculosissimum</span> <span class='ocrx_word' id='word_1_203' title='bbox 1128 1317 1328 1354; x_wconf 86' lang='lat' dir='ltr'>iudicamus,</span> <span class='ocrx_word' id='word_1_204' title='bbox 1345 1316 1463 1348; x_wconf 88' lang='lat' dir='ltr'>urbem</span> <span class='ocrx_word' id='word_1_205' title='bbox 1478 1316 1577 1352; x_wconf 88' lang='lat' dir='ltr'>hanc,</span> <span class='ocrx_word' id='word_1_206' title='bbox 1592 1322 1695 1357; x_wconf 89' lang='lat' dir='ltr'>captu</span> <span class='ocrx_word' id='word_1_207' title='bbox 1711 1315 1953 1351; x_wconf 87' lang='lat' dir='ltr'>difficillimam,</span> <span class='ocrx_word' id='word_1_208' title='bbox 1967 1315 2201 1357; x_wconf 87' lang='lat' dir='ltr'>impresentia-</span> 
     </span>
     <span class='ocr_line' id='line_1_20' title="bbox 354 1369 2201 1420; baseline -0.005 -9"><span class='ocrx_word' id='word_1_209' title='bbox 354 1391 427 1411; x_wconf 91' lang='lat' dir='ltr'>rum</span> <span class='ocrx_word' id='word_1_210' title='bbox 444 1377 634 1420; x_wconf 87' lang='lat' dir='ltr'>oppugnari</span> <span class='ocrx_word' id='word_1_211' title='bbox 660 1386 770 1417; x_wconf 85' lang='lat' dir='ltr'>posse,</span> <span class='ocrx_word' id='word_1_212' title='bbox 795 1384 863 1405; x_wconf 90' lang='lat' dir='ltr'>non</span> <span class='ocrx_word' id='word_1_213' title='bbox 887 1374 980 1414; x_wconf 87' lang='lat' dir='ltr'>prius</span> <span class='ocrx_word' id='word_1_214' title='bbox 1005 1372 1157 1404; x_wconf 86' lang='lat' dir='ltr'>disiectis</span> <span class='ocrx_word' id='word_1_215' title='bbox 1182 1369 1349 1402; x_wconf 89' lang='lat' dir='ltr'>menibus&#39;</span> <span class='ocrx_word' id='word_1_216' title='bbox 1378 1380 1418 1401; x_wconf 88' lang='lat' dir='ltr'>ac</span> <span class='ocrx_word' id='word_1_217' title='bbox 1450 1369 1533 1401; x_wconf 87' lang='lat' dir='ltr'>turri</span> <span class='ocrx_word' id='word_1_218' title='bbox 1558 1369 1661 1411; x_wconf 85' lang='lat' dir='ltr'>longo</span> <span class='ocrx_word' id='word_1_219' title='bbox 1686 1369 1779 1410; x_wconf 91' lang='lat' dir='ltr'>ponti</span> <span class='ocrx_word' id='word_1_220' title='bbox 1812 1369 2018 1400; x_wconf 81' lang='lat' dir='ltr'>imminente.</span> <span class='ocrx_word' id='word_1_221' title='bbox 2057 1369 2201 1401; x_wconf 86' lang='lat' dir='ltr'>Rectius</span> 
     </span>
     <span class='ocr_line' id='line_1_21' title="bbox 355 1421 2202 1475; baseline -0.006 -11"><span class='ocrx_word' id='word_1_222' title='bbox 355 1432 493 1475; x_wconf 89' lang='lat' dir='ltr'>quidem</span> <span class='ocrx_word' id='word_1_223' title='bbox 512 1432 624 1462; x_wconf 86' lang='lat' dir='ltr'>fuerat</span> <span class='ocrx_word' id='word_1_224' title='bbox 648 1429 750 1460; x_wconf 90' lang='lat' dir='ltr'>variis</span> <span class='ocrx_word' id='word_1_225' title='bbox 774 1428 809 1459; x_wconf 89' lang='lat' dir='ltr'>in</span> <span class='ocrx_word' id='word_1_226' title='bbox 833 1427 917 1458; x_wconf 88' lang='lat' dir='ltr'>locis</span> <span class='ocrx_word' id='word_1_227' title='bbox 941 1427 972 1457; x_wconf 82' lang='lat' dir='ltr'>vi</span> <span class='ocrx_word' id='word_1_228' title='bbox 998 1431 1241 1457; x_wconf 87' lang='lat' dir='ltr'>tormentorum</span> <span class='ocrx_word' id='word_1_229' title='bbox 1266 1424 1378 1455; x_wconf 90' lang='lat' dir='ltr'>menia</span> <span class='ocrx_word' id='word_1_230' title='bbox 1403 1423 1474 1454; x_wconf 90' lang='lat' dir='ltr'>solo</span> <span class='ocrx_word' id='word_1_231' title='bbox 1499 1432 1654 1464; x_wconf 82' lang='lat' dir='ltr'>equasse,</span> <span class='ocrx_word' id='word_1_232' title='bbox 1682 1432 1783 1463; x_wconf 90' lang='lat' dir='ltr'>quam</span> <span class='ocrx_word' id='word_1_233' title='bbox 1810 1422 1918 1462; x_wconf 90' lang='lat' dir='ltr'>ipsam</span> <span class='ocrx_word' id='word_1_234' title='bbox 1936 1421 2061 1453; x_wconf 87' lang='lat' dir='ltr'>frustra</span> <span class='ocrx_word' id='word_1_235' title='bbox 2077 1423 2202 1463; x_wconf 87' lang='lat' dir='ltr'>passim</span> 
     </span>
     <span class='ocr_line' id='line_1_22' title="bbox 356 1475 2202 1525; baseline -0.006 -7"><span class='ocrx_word' id='word_1_236' title='bbox 356 1488 390 1518; x_wconf 89' lang='lat' dir='ltr'>in</span> <span class='ocrx_word' id='word_1_237' title='bbox 407 1485 551 1518; x_wconf 87' lang='lat' dir='ltr'>edificiis</span> <span class='ocrx_word' id='word_1_238' title='bbox 568 1483 708 1525; x_wconf 85' lang='lat' dir='ltr'>privatis</span> <span class='ocrx_word' id='word_1_239' title='bbox 725 1481 936 1513; x_wconf 82' lang='lat' dir='ltr'>sollicitasse.</span> <span class='ocrx_word' id='word_1_240' title='bbox 969 1479 1151 1510; x_wconf 86' lang='lat' dir='ltr'>Neminem</span> <span class='ocrx_word' id='word_1_241' title='bbox 1165 1478 1255 1509; x_wconf 87' lang='lat' dir='ltr'>enim</span> <span class='ocrx_word' id='word_1_242' title='bbox 1269 1477 1351 1508; x_wconf 88' lang='lat' dir='ltr'>latet</span> <span class='ocrx_word' id='word_1_243' title='bbox 1368 1476 1583 1517; x_wconf 88' lang='lat' dir='ltr'>disciplinam</span> <span class='ocrx_word' id='word_1_244' title='bbox 1600 1476 1649 1506; x_wconf 85' lang='lat' dir='ltr'>rei</span> <span class='ocrx_word' id='word_1_245' title='bbox 1667 1475 1820 1506; x_wconf 90' lang='lat' dir='ltr'>militaris</span> <span class='ocrx_word' id='word_1_246' title='bbox 1836 1481 1930 1506; x_wconf 89' lang='lat' dir='ltr'>certa</span> <span class='ocrx_word' id='word_1_247' title='bbox 1947 1475 1982 1506; x_wconf 92' lang='lat' dir='ltr'>in</span> <span class='ocrx_word' id='word_1_248' title='bbox 1999 1486 2034 1506; x_wconf 87' lang='lat' dir='ltr'>se</span> <span class='ocrx_word' id='word_1_249' title='bbox 2051 1476 2202 1508; x_wconf 86' lang='lat' dir='ltr'>instituta</span> 
     </span>
     <span class='ocr_line' id='line_1_23' title="bbox 357 1528 2203 1578; baseline -0.006 -7"><span class='ocrx_word' id='word_1_250' title='bbox 357 1540 543 1574; x_wconf 86' lang='lat' dir='ltr'>continere,</span> <span class='ocrx_word' id='word_1_251' title='bbox 568 1543 687 1568; x_wconf 85' lang='lat' dir='ltr'>contra</span> <span class='ocrx_word' id='word_1_252' title='bbox 711 1546 788 1578; x_wconf 61' lang='lat' dir='ltr'>que,</span> <span class='ocrx_word' id='word_1_253' title='bbox 813 1535 839 1565; x_wconf 91' lang='lat' dir='ltr'>si</span> <span class='ocrx_word' id='word_1_254' title='bbox 864 1533 940 1575; x_wconf 87' lang='lat' dir='ltr'>quis</span> <span class='ocrx_word' id='word_1_255' title='bbox 964 1532 1045 1564; x_wconf 88' lang='lat' dir='ltr'>belli</span> <span class='ocrx_word' id='word_1_256' title='bbox 1070 1542 1197 1575; x_wconf 84' lang='lat' dir='ltr'>gnarus</span> <span class='ocrx_word' id='word_1_257' title='bbox 1220 1530 1434 1573; x_wconf 83' lang='lat' dir='ltr'>pugnaverit,</span> <span class='ocrx_word' id='word_1_258' title='bbox 1460 1536 1496 1561; x_wconf 92' lang='lat' dir='ltr'>ut</span> <span class='ocrx_word' id='word_1_259' title='bbox 1511 1529 1665 1560; x_wconf 86' lang='lat' dir='ltr'>infamen</span> <span class='ocrx_word' id='word_1_260' title='bbox 1689 1528 1978 1560; x_wconf 78' lang='lat' dir='ltr'>exauctorandum</span> <span class='ocrx_word' id='word_1_261' title='bbox 1992 1539 2084 1560; x_wconf 88' lang='lat' dir='ltr'>esse:</span> <span class='ocrx_word' id='word_1_262' title='bbox 2109 1529 2203 1561; x_wconf 91' lang='lat' dir='ltr'>cuni-</span> 
     </span>
     <span class='ocr_line' id='line_1_24' title="bbox 356 1581 2204 1633; baseline -0.006 -9"><span class='ocrx_word' id='word_1_263' title='bbox 356 1593 451 1625; x_wconf 89' lang='lat' dir='ltr'>culos</span> <span class='ocrx_word' id='word_1_264' title='bbox 475 1597 642 1633; x_wconf 77' lang='lat' dir='ltr'>preterea,</span> <span class='ocrx_word' id='word_1_265' title='bbox 666 1589 790 1620; x_wconf 88' lang='lat' dir='ltr'>arietes</span> <span class='ocrx_word' id='word_1_266' title='bbox 805 1589 825 1624; x_wconf 89' lang='lat'>¹,</span> <span class='ocrx_word' id='word_1_267' title='bbox 850 1587 966 1618; x_wconf 90' lang='lat' dir='ltr'>vineas</span> <span class='ocrx_word' id='word_1_268' title='bbox 976 1585 998 1622; x_wconf 72' lang='lat'>²,</span> <span class='ocrx_word' id='word_1_269' title='bbox 1022 1584 1229 1617; x_wconf 79' lang='lat' dir='ltr'>testudines³</span> <span class='ocrx_word' id='word_1_270' title='bbox 1254 1584 1298 1615; x_wconf 92' lang='lat' dir='ltr'>im</span> <span class='ocrx_word' id='word_1_271' title='bbox 1322 1589 1481 1625; x_wconf 92' lang='lat' dir='ltr'>promptu</span> <span class='ocrx_word' id='word_1_272' title='bbox 1497 1583 1617 1619; x_wconf 84' lang='lat' dir='ltr'>nullas,</span> <span class='ocrx_word' id='word_1_273' title='bbox 1642 1582 1714 1613; x_wconf 85' lang='lat' dir='ltr'>sine</span> <span class='ocrx_word' id='word_1_274' title='bbox 1739 1581 1872 1624; x_wconf 90' lang='lat' dir='ltr'>quibus,</span> <span class='ocrx_word' id='word_1_275' title='bbox 1896 1582 1923 1613; x_wconf 91' lang='lat' dir='ltr'>si</span> <span class='ocrx_word' id='word_1_276' title='bbox 1947 1581 2066 1614; x_wconf 90' lang='lat' dir='ltr'>urbem</span> <span class='ocrx_word' id='word_1_277' title='bbox 2082 1593 2204 1625; x_wconf 87' lang='lat' dir='ltr'>aggre-</span> 
     </span>
     <span class='ocr_line' id='line_1_25' title="bbox 357 1635 2203 1687; baseline -0.006 -9"><span class='ocrx_word' id='word_1_278' title='bbox 357 1647 499 1682; x_wconf 90' lang='lat' dir='ltr'>diamur,</span> <span class='ocrx_word' id='word_1_279' title='bbox 513 1651 660 1687; x_wconf 88' lang='lat' dir='ltr'>stragem</span> <span class='ocrx_word' id='word_1_280' title='bbox 679 1654 720 1674; x_wconf 80' lang='lat' dir='ltr'>ex</span> <span class='ocrx_word' id='word_1_281' title='bbox 744 1641 868 1673; x_wconf 87' lang='lat' dir='ltr'>nostris</span> <span class='ocrx_word' id='word_1_282' title='bbox 882 1640 1029 1671; x_wconf 86' lang='lat' dir='ltr'>futuram</span> <span class='ocrx_word' id='word_1_283' title='bbox 1046 1649 1147 1681; x_wconf 90' lang='lat' dir='ltr'>quam</span> <span class='ocrx_word' id='word_1_284' title='bbox 1164 1638 1354 1669; x_wconf 78' lang='lat' dir='ltr'>maximam.</span> <span class='ocrx_word' id='word_1_285' title='bbox 1401 1636 1441 1668; x_wconf 91' lang='lat' dir='ltr'>Id</span> <span class='ocrx_word' id='word_1_286' title='bbox 1466 1636 1567 1668; x_wconf 89' lang='lat' dir='ltr'>etiam</span> <span class='ocrx_word' id='word_1_287' title='bbox 1592 1636 1815 1667; x_wconf 89' lang='lat' dir='ltr'>certissimum</span> <span class='ocrx_word' id='word_1_288' title='bbox 1841 1641 1902 1674; x_wconf 82' lang='lat' dir='ltr'>est,</span> <span class='ocrx_word' id='word_1_289' title='bbox 1919 1635 2109 1676; x_wconf 85' lang='lat' dir='ltr'>oppidanos</span> <span class='ocrx_word' id='word_1_290' title='bbox 2125 1646 2203 1677; x_wconf 90' lang='lat' dir='ltr'>pre—</span> 
     </span>
     <span class='ocr_line' id='line_1_26' title="bbox 357 1688 2204 1734; baseline -0.005 -3"><span class='ocrx_word' id='word_1_291' title='bbox 357 1700 451 1732; x_wconf 88' lang='lat' dir='ltr'>sidiis</span> <span class='ocrx_word' id='word_1_292' title='bbox 476 1709 545 1730; x_wconf 91' lang='lat' dir='ltr'>non</span> <span class='ocrx_word' id='word_1_293' title='bbox 569 1708 643 1729; x_wconf 88' lang='lat' dir='ltr'>esse</span> <span class='ocrx_word' id='word_1_294' title='bbox 668 1695 823 1731; x_wconf 84' lang='lat' dir='ltr'>nudatos,</span> <span class='ocrx_word' id='word_1_295' title='bbox 847 1704 888 1725; x_wconf 90' lang='lat' dir='ltr'>ac</span> <span class='ocrx_word' id='word_1_296' title='bbox 914 1693 1014 1725; x_wconf 87' lang='lat' dir='ltr'>etiam</span> <span class='ocrx_word' id='word_1_297' title='bbox 1040 1703 1141 1734; x_wconf 87' lang='lat' dir='ltr'>supra</span> <span class='ocrx_word' id='word_1_298' title='bbox 1166 1697 1339 1723; x_wconf 85' lang='lat' dir='ltr'>trecentos</span> <span class='ocrx_word' id='word_1_299' title='bbox 1363 1701 1479 1722; x_wconf 89' lang='lat' dir='ltr'>eorum</span> <span class='ocrx_word' id='word_1_300' title='bbox 1505 1700 1579 1721; x_wconf 89' lang='lat' dir='ltr'>esse</span> <span class='ocrx_word' id='word_1_301' title='bbox 1604 1689 1639 1720; x_wconf 89' lang='lat' dir='ltr'>in</span> <span class='ocrx_word' id='word_1_302' title='bbox 1662 1688 1757 1726; x_wconf 88' lang='lat' dir='ltr'>urbe,</span> <span class='ocrx_word' id='word_1_303' title='bbox 1788 1689 1846 1731; x_wconf 88' lang='lat' dir='ltr'>qui</span> <span class='ocrx_word' id='word_1_304' title='bbox 1871 1689 1905 1719; x_wconf 91' lang='lat' dir='ltr'>in</span> <span class='ocrx_word' id='word_1_305' title='bbox 1931 1689 2069 1720; x_wconf 80' lang='lat' dir='ltr'>fuciana</span> <span class='ocrx_word' id='word_1_306' title='bbox 2096 1689 2204 1721; x_wconf 88' lang='lat' dir='ltr'>caede</span> 
     </span>
     <span class='ocr_line' id='line_1_27' title="bbox 359 1741 2204 1789; baseline -0.005 -5"><span class='ocrx_word' id='word_1_307' title='bbox 359 1753 517 1785; x_wconf 87' lang='lat' dir='ltr'>intestina</span> <span class='ocrx_word' id='word_1_308' title='bbox 542 1749 682 1783; x_wconf 88' lang='lat' dir='ltr'>crassati</span> <span class='ocrx_word' id='word_1_309' title='bbox 708 1754 801 1784; x_wconf 74' lang='lat' dir='ltr'>sunt:</span> <span class='ocrx_word' id='word_1_310' title='bbox 826 1746 949 1789; x_wconf 90' lang='lat' dir='ltr'>quibus</span> <span class='ocrx_word' id='word_1_311' title='bbox 981 1756 1057 1778; x_wconf 90' lang='lat' dir='ltr'>cum</span> <span class='ocrx_word' id='word_1_312' title='bbox 1083 1745 1181 1776; x_wconf 87' lang='lat' dir='ltr'>venie</span> <span class='ocrx_word' id='word_1_313' title='bbox 1207 1745 1301 1776; x_wconf 86' lang='lat' dir='ltr'>locus</span> <span class='ocrx_word' id='word_1_314' title='bbox 1333 1753 1401 1775; x_wconf 89' lang='lat' dir='ltr'>non</span> <span class='ocrx_word' id='word_1_315' title='bbox 1429 1744 1539 1780; x_wconf 88' lang='lat' dir='ltr'>detur,</span> <span class='ocrx_word' id='word_1_316' title='bbox 1571 1743 1709 1774; x_wconf 88' lang='lat' dir='ltr'>summis</span> <span class='ocrx_word' id='word_1_317' title='bbox 1733 1741 1862 1773; x_wconf 89' lang='lat' dir='ltr'>viribus</span> <span class='ocrx_word' id='word_1_318' title='bbox 1893 1741 2130 1774; x_wconf 86' lang='lat' dir='ltr'>elaboraturoa</span> <span class='ocrx_word' id='word_1_319' title='bbox 2162 1753 2204 1774; x_wconf 91' lang='lat' dir='ltr'>ne</span> 
     </span>
     <span class='ocr_line' id='line_1_28' title="bbox 359 1795 2204 1846; baseline -0.007 -8"><span class='ocrx_word' id='word_1_320' title='bbox 359 1806 501 1838; x_wconf 89' lang='lat' dir='ltr'>victoria</span> <span class='ocrx_word' id='word_1_321' title='bbox 525 1805 709 1846; x_wconf 88' lang='lat' dir='ltr'>potiamur:</span> <span class='ocrx_word' id='word_1_322' title='bbox 734 1802 935 1834; x_wconf 85' lang='lat' dir='ltr'>cathenatas</span> <span class='ocrx_word' id='word_1_323' title='bbox 959 1800 1113 1831; x_wconf 89' lang='lat' dir='ltr'>novimus</span> <span class='ocrx_word' id='word_1_324' title='bbox 1138 1809 1211 1830; x_wconf 89' lang='lat' dir='ltr'>esse</span> <span class='ocrx_word' id='word_1_325' title='bbox 1236 1799 1308 1829; x_wconf 88' lang='lat' dir='ltr'>vias</span> <span class='ocrx_word' id='word_1_326' title='bbox 1332 1797 1425 1828; x_wconf 89' lang='lat' dir='ltr'>urbis</span> <span class='ocrx_word' id='word_1_327' title='bbox 1442 1807 1569 1834; x_wconf 90' lang='lat' dir='ltr'>omnes,</span> <span class='ocrx_word' id='word_1_328' title='bbox 1587 1796 1768 1838; x_wconf 89' lang='lat' dir='ltr'>capitaque</span> <span class='ocrx_word' id='word_1_329' title='bbox 1786 1795 1926 1832; x_wconf 89' lang='lat' dir='ltr'>viarum,</span> <span class='ocrx_word' id='word_1_330' title='bbox 1944 1796 2052 1836; x_wconf 91' lang='lat' dir='ltr'>ipsum</span> <span class='ocrx_word' id='word_1_331' title='bbox 2069 1806 2204 1838; x_wconf 88' lang='lat' dir='ltr'>quoque</span> 
     </span>
     <span class='ocr_line' id='line_1_29' title="bbox 361 1849 2207 1895; baseline -0.006 -4"><span class='ocrx_word' id='word_1_332' title='bbox 361 1861 481 1895; x_wconf 84' lang='lat' dir='ltr'>forum,</span> <span class='ocrx_word' id='word_1_333' title='bbox 507 1864 541 1890; x_wconf 88' lang='lat' dir='ltr'>et</span> <span class='ocrx_word' id='word_1_334' title='bbox 563 1858 700 1889; x_wconf 89' lang='lat' dir='ltr'>demum</span> <span class='ocrx_word' id='word_1_335' title='bbox 724 1855 769 1887; x_wconf 89' lang='lat' dir='ltr'>ad</span> <span class='ocrx_word' id='word_1_336' title='bbox 786 1854 1043 1885; x_wconf 89' lang='lat' dir='ltr'>munitissimam</span> <span class='ocrx_word' id='word_1_337' title='bbox 1067 1851 1187 1884; x_wconf 88' lang='lat' dir='ltr'>urbem</span> <span class='ocrx_word' id='word_1_338' title='bbox 1212 1851 1395 1894; x_wconf 89' lang='lat' dir='ltr'>magnique</span> <span class='ocrx_word' id='word_1_339' title='bbox 1419 1849 1565 1881; x_wconf 89' lang='lat' dir='ltr'>ambitus</span> <span class='ocrx_word' id='word_1_340' title='bbox 1591 1850 1829 1885; x_wconf 80' lang='lat' dir='ltr'>evincendam,</span> <span class='ocrx_word' id='word_1_341' title='bbox 1848 1849 2097 1890; x_wconf 88' lang='lat' dir='ltr'>circumspecta</span> <span class='ocrx_word' id='word_1_342' title='bbox 2120 1849 2207 1880; x_wconf 86' lang='lat' dir='ltr'>mili-</span> 
     </span>
     <span class='ocr_line' id='line_1_30' title="bbox 358 1902 2206 1953; baseline -0.007 -8"><span class='ocrx_word' id='word_1_343' title='bbox 358 1921 427 1946; x_wconf 89' lang='lat' dir='ltr'>tum</span> <span class='ocrx_word' id='word_1_344' title='bbox 452 1910 695 1953; x_wconf 77' lang='lat' dir='ltr'>infrequentia,</span> <span class='ocrx_word' id='word_1_345' title='bbox 719 1909 754 1940; x_wconf 90' lang='lat' dir='ltr'>in</span> <span class='ocrx_word' id='word_1_346' title='bbox 779 1908 899 1940; x_wconf 88' lang='lat' dir='ltr'>castris</span> <span class='ocrx_word' id='word_1_347' title='bbox 923 1907 1108 1938; x_wconf 86' lang='lat' dir='ltr'>bellatores</span> <span class='ocrx_word' id='word_1_348' title='bbox 1133 1916 1207 1937; x_wconf 88' lang='lat' dir='ltr'>esse</span> <span class='ocrx_word' id='word_1_349' title='bbox 1232 1915 1434 1946; x_wconf 86' lang='lat' dir='ltr'>perpaucos,</span> <span class='ocrx_word' id='word_1_350' title='bbox 1460 1914 1524 1935; x_wconf 89' lang='lat' dir='ltr'>nec</span> <span class='ocrx_word' id='word_1_351' title='bbox 1550 1903 1725 1934; x_wconf 85' lang='lat' dir='ltr'>universas</span> <span class='ocrx_word' id='word_1_352' title='bbox 1750 1908 1937 1934; x_wconf 81' lang='lat' dir='ltr'>castrorum</span> <span class='ocrx_word' id='word_1_353' title='bbox 1970 1903 2104 1943; x_wconf 77' lang='lat' dir='ltr'>copias:</span> <span class='ocrx_word' id='word_1_354' title='bbox 2129 1902 2206 1934; x_wconf 88' lang='lat' dir='ltr'>sub-</span> 
     </span>
     <span class='ocr_line' id='line_1_31' title="bbox 359 1956 2207 2003; baseline -0.006 -5"><span class='ocrx_word' id='word_1_355' title='bbox 359 1967 462 1999; x_wconf 90' lang='lat' dir='ltr'>ducta</span> <span class='ocrx_word' id='word_1_356' title='bbox 486 1965 616 1996; x_wconf 89' lang='lat' dir='ltr'>ratione</span> <span class='ocrx_word' id='word_1_357' title='bbox 645 1963 788 1995; x_wconf 89' lang='lat' dir='ltr'>duarum</span> <span class='ocrx_word' id='word_1_358' title='bbox 812 1961 984 2003; x_wconf 88' lang='lat' dir='ltr'>legionum</span> <span class='ocrx_word' id='word_1_359' title='bbox 1008 1970 1185 1990; x_wconf 90' lang='lat' dir='ltr'>numerum</span> <span class='ocrx_word' id='word_1_360' title='bbox 1208 1958 1408 1999; x_wconf 90' lang='lat' dir='ltr'>adimplere.</span> <span class='ocrx_word' id='word_1_361' title='bbox 1433 1956 1546 1988; x_wconf 84' lang='lat' dir='ltr'>Satius</span> <span class='ocrx_word' id='word_1_362' title='bbox 1570 1957 1683 1997; x_wconf 89' lang='lat' dir='ltr'>itaque</span> <span class='ocrx_word' id='word_1_363' title='bbox 1709 1956 1863 1987; x_wconf 87' lang='lat' dir='ltr'>ducimus</span> <span class='ocrx_word' id='word_1_364' title='bbox 1887 1961 1965 1987; x_wconf 89' lang='lat' dir='ltr'>ante</span> <span class='ocrx_word' id='word_1_365' title='bbox 1983 1956 2207 1998; x_wconf 88' lang='lat' dir='ltr'>oppugnatio-</span> 
     </span>
     <span class='ocr_line' id='line_1_32' title="bbox 360 2008 2208 2057; baseline -0.006 -6"><span class='ocrx_word' id='word_1_366' title='bbox 360 2031 448 2056; x_wconf 88' lang='lat' dir='ltr'>nem,</span> <span class='ocrx_word' id='word_1_367' title='bbox 480 2025 537 2050; x_wconf 88' lang='lat' dir='ltr'>aut</span> <span class='ocrx_word' id='word_1_368' title='bbox 568 2017 680 2048; x_wconf 90' lang='lat' dir='ltr'>menia</span> <span class='ocrx_word' id='word_1_369' title='bbox 712 2015 806 2057; x_wconf 86' lang='lat' dir='ltr'>prius</span> <span class='ocrx_word' id='word_1_370' title='bbox 830 2020 996 2049; x_wconf 85' lang='lat' dir='ltr'>evertere,</span> <span class='ocrx_word' id='word_1_371' title='bbox 1020 2019 1078 2044; x_wconf 88' lang='lat' dir='ltr'>aut</span> <span class='ocrx_word' id='word_1_372' title='bbox 1103 2013 1239 2044; x_wconf 90' lang='lat' dir='ltr'>omnino</span> <span class='ocrx_word' id='word_1_373' title='bbox 1264 2012 1409 2043; x_wconf 89' lang='lat' dir='ltr'>maiores</span> <span class='ocrx_word' id='word_1_374' title='bbox 1434 2011 1551 2052; x_wconf 88' lang='lat' dir='ltr'>copias</span> <span class='ocrx_word' id='word_1_375' title='bbox 1575 2020 1786 2051; x_wconf 85' lang='lat' dir='ltr'>comparare.</span> <span class='ocrx_word' id='word_1_376' title='bbox 1832 2008 1961 2040; x_wconf 90' lang='lat' dir='ltr'>Verum</span> <span class='ocrx_word' id='word_1_377' title='bbox 1987 2010 2012 2040; x_wconf 88' lang='lat' dir='ltr'>si</span> <span class='ocrx_word' id='word_1_378' title='bbox 2037 2009 2136 2041; x_wconf 89' lang='lat' dir='ltr'>aliter</span> <span class='ocrx_word' id='word_1_379' title='bbox 2160 2010 2208 2040; x_wconf 92' lang='lat' dir='ltr'>vi-</span> 
     </span>
     <span class='ocr_line' id='line_1_33' title="bbox 361 2062 2209 2108; baseline -0.006 -2"><span class='ocrx_word' id='word_1_380' title='bbox 361 2085 433 2106; x_wconf 90' lang='lat' dir='ltr'>sum</span> <span class='ocrx_word' id='word_1_381' title='bbox 459 2072 571 2106; x_wconf 83' lang='lat' dir='ltr'>fuerit,</span> <span class='ocrx_word' id='word_1_382' title='bbox 597 2071 632 2102; x_wconf 89' lang='lat' dir='ltr'>id</span> <span class='ocrx_word' id='word_1_383' title='bbox 656 2069 740 2100; x_wconf 89' lang='lat' dir='ltr'>nihil</span> <span class='ocrx_word' id='word_1_384' title='bbox 765 2068 858 2099; x_wconf 91' lang='lat' dir='ltr'>aliud</span> <span class='ocrx_word' id='word_1_385' title='bbox 883 2078 956 2098; x_wconf 91' lang='lat' dir='ltr'>esse</span> <span class='ocrx_word' id='word_1_386' title='bbox 993 2077 1093 2108; x_wconf 89' lang='lat' dir='ltr'>quam</span> <span class='ocrx_word' id='word_1_387' title='bbox 1118 2077 1189 2097; x_wconf 91' lang='lat' dir='ltr'>rem</span> <span class='ocrx_word' id='word_1_388' title='bbox 1214 2066 1383 2097; x_wconf 88' lang='lat' dir='ltr'>incassum</span> <span class='ocrx_word' id='word_1_389' title='bbox 1407 2065 1490 2096; x_wconf 87' lang='lat' dir='ltr'>dare</span> <span class='ocrx_word' id='word_1_390' title='bbox 1523 2070 1556 2095; x_wconf 90' lang='lat' dir='ltr'>et</span> <span class='ocrx_word' id='word_1_391' title='bbox 1587 2074 1648 2095; x_wconf 91' lang='lat' dir='ltr'>nos</span> <span class='ocrx_word' id='word_1_392' title='bbox 1679 2073 1796 2094; x_wconf 89' lang='lat' dir='ltr'>omnes</span> <span class='ocrx_word' id='word_1_393' title='bbox 1831 2062 1868 2093; x_wconf 81' lang='lat' dir='ltr'>in&#39;</span> <span class='ocrx_word' id='word_1_394' title='bbox 1889 2063 2103 2095; x_wconf 88' lang='lat' dir='ltr'>manifestam</span> <span class='ocrx_word' id='word_1_395' title='bbox 2128 2073 2209 2095; x_wconf 89' lang='lat' dir='ltr'>con-</span> 
     </span>
     <span class='ocr_line' id='line_1_34' title="bbox 361 2116 2208 2165; baseline -0.006 -6"><span class='ocrx_word' id='word_1_396' title='bbox 361 2126 604 2159; x_wconf 86' lang='lat' dir='ltr'>sternationem</span> <span class='ocrx_word' id='word_1_397' title='bbox 629 2122 878 2165; x_wconf 88' lang='lat' dir='ltr'>pernitiemque</span> <span class='ocrx_word' id='word_1_398' title='bbox 904 2121 1073 2162; x_wconf 86' lang='lat' dir='ltr'>ingerere.</span> <span class='ocrx_word' id='word_1_399' title='bbox 1122 2119 1195 2150; x_wconf 89' lang='lat' dir='ltr'>Hec</span> <span class='ocrx_word' id='word_1_400' title='bbox 1222 2118 1302 2150; x_wconf 87' lang='lat' dir='ltr'>belli</span> <span class='ocrx_word' id='word_1_401' title='bbox 1327 2118 1433 2150; x_wconf 89' lang='lat' dir='ltr'>duces</span> <span class='ocrx_word' id='word_1_402' title='bbox 1458 2118 1543 2149; x_wconf 90' lang='lat' dir='ltr'>iuste</span> <span class='ocrx_word' id='word_1_403' title='bbox 1569 2123 1602 2148; x_wconf 90' lang='lat' dir='ltr'>et</span> <span class='ocrx_word' id='word_1_404' title='bbox 1630 2117 1794 2159; x_wconf 85' lang='lat' dir='ltr'>ingenue:</span> <span class='ocrx_word' id='word_1_405' title='bbox 1827 2122 1945 2147; x_wconf 88' lang='lat' dir='ltr'>contra</span> <span class='ocrx_word' id='word_1_406' title='bbox 1970 2116 2112 2159; x_wconf 87' lang='lat' dir='ltr'>legatus,</span> <span class='ocrx_word' id='word_1_407' title='bbox 2139 2127 2208 2148; x_wconf 91' lang='lat' dir='ltr'>non</span> 
     </span>
     <span class='ocr_line' id='line_1_35' title="bbox 362 2171 1464 2213; baseline -0.009 -2"><span class='ocrx_word' id='word_1_408' title='bbox 362 2179 446 2211; x_wconf 88' lang='lat' dir='ltr'>nihil</span> <span class='ocrx_word' id='word_1_409' title='bbox 472 2176 708 2213; x_wconf 82' lang='lat' dir='ltr'>exacerbatus,</span> <span class='ocrx_word' id='word_1_410' title='bbox 732 2176 853 2207; x_wconf 86' lang='lat' dir='ltr'>iterum</span> <span class='ocrx_word' id='word_1_411' title='bbox 877 2184 918 2205; x_wconf 89' lang='lat' dir='ltr'>ac</span> <span class='ocrx_word' id='word_1_412' title='bbox 943 2173 1053 2204; x_wconf 87' lang='lat' dir='ltr'>subito</span> <span class='ocrx_word' id='word_1_413' title='bbox 1079 2173 1125 2204; x_wconf 89' lang='lat' dir='ltr'>ita</span> <span class='ocrx_word' id='word_1_414' title='bbox 1149 2172 1372 2204; x_wconf 88' lang='lat' dir='ltr'>concionatus</span> <span class='ocrx_word' id='word_1_415' title='bbox 1396 2171 1464 2202; x_wconf 88' lang='lat' dir='ltr'>est.&#39;</span> 
     </span>
    </p>
   </div>
   <div class='ocr_carea' id='block_1_5' title="bbox 847 2294 1700 2329">
    <p class='ocr_par' dir='ltr' id='par_1_5' title="bbox 847 2294 1700 2329">
     <span class='ocr_line' id='line_1_36' title="bbox 847 2294 1700 2329; baseline -0.005 0"><span class='ocrx_word' id='word_1_416' title='bbox 847 2298 996 2329; x_wconf 78' lang='lat' dir='ltr'><strong>ORATIO</strong></span> <span class='ocrx_word' id='word_1_417' title='bbox 1021 2306 1181 2329; x_wconf 80' lang='lat' dir='ltr'><strong>SECUNDA</strong></span> <span class='ocrx_word' id='word_1_418' title='bbox 1207 2305 1343 2328; x_wconf 79' lang='lat' dir='ltr'>LEGATI</span> <span class='ocrx_word' id='word_1_419' title='bbox 1368 2305 1417 2326; x_wconf 86' lang='lat' dir='ltr'>AD</span> <span class='ocrx_word' id='word_1_420' title='bbox 1442 2305 1546 2326; x_wconf 80' lang='lat' dir='ltr'>BELLI</span> <span class='ocrx_word' id='word_1_421' title='bbox 1571 2294 1700 2326; x_wconf 58' lang='lat' dir='ltr'>Ducsssl</span> 
     </span>
    </p>
   </div>
   <div class='ocr_carea' id='block_1_6' title="bbox 363 2379 2210 2587">
    <p class='ocr_par' dir='ltr' id='par_1_6' title="bbox 363 2379 2210 2587">
     <span class='ocr_line' id='line_1_37' title="bbox 450 2379 2207 2422; baseline -0.005 -2"><span class='ocrx_word' id='word_1_422' title='bbox 450 2388 618 2420; x_wconf 86' lang='lat' dir='ltr'>Neutrum</span> <span class='ocrx_word' id='word_1_423' title='bbox 643 2396 724 2417; x_wconf 90' lang='lat' dir='ltr'>sane</span> <span class='ocrx_word' id='word_1_424' title='bbox 749 2385 829 2416; x_wconf 93' lang='lat' dir='ltr'>mihi</span> <span class='ocrx_word' id='word_1_425' title='bbox 856 2384 974 2415; x_wconf 89' lang='lat' dir='ltr'>horum</span> <span class='ocrx_word' id='word_1_426' title='bbox 999 2389 1051 2414; x_wconf 84' lang='lat' dir='ltr'>est</span> <span class='ocrx_word' id='word_1_427' title='bbox 1074 2383 1197 2419; x_wconf 90' lang='lat' dir='ltr'>animo,</span> <span class='ocrx_word' id='word_1_428' title='bbox 1222 2382 1283 2412; x_wconf 87' lang='lat' dir='ltr'>viri</span> <span class='ocrx_word' id='word_1_429' title='bbox 1309 2381 1395 2418; x_wconf 85' lang='lat' dir='ltr'>sotii,</span> <span class='ocrx_word' id='word_1_430' title='bbox 1420 2380 1543 2422; x_wconf 90' lang='lat' dir='ltr'>quibus</span> <span class='ocrx_word' id='word_1_431' title='bbox 1566 2380 1703 2411; x_wconf 88' lang='lat' dir='ltr'>minime</span> <span class='ocrx_word' id='word_1_432' title='bbox 1728 2379 1888 2421; x_wconf 90' lang='lat' dir='ltr'>putabam</span> <span class='ocrx_word' id='word_1_433' title='bbox 1918 2380 2090 2411; x_wconf 87' lang='lat' dir='ltr'>hortatore</span> <span class='ocrx_word' id='word_1_434' title='bbox 2122 2390 2207 2421; x_wconf 88' lang='lat' dir='ltr'>opus</span> 
     </span>
     <span class='ocr_line' id='line_1_38' title="bbox 365 2432 2210 2484; baseline -0.005 -9"><span class='ocrx_word' id='word_1_435' title='bbox 365 2445 449 2479; x_wconf 84' lang='lat' dir='ltr'>fore,</span> <span class='ocrx_word' id='word_1_436' title='bbox 481 2451 633 2484; x_wconf 90' lang='lat' dir='ltr'>quosque</span> <span class='ocrx_word' id='word_1_437' title='bbox 666 2438 860 2480; x_wconf 88' lang='lat' dir='ltr'>patentibus</span> <span class='ocrx_word' id='word_1_438' title='bbox 891 2436 1100 2479; x_wconf 87' lang='lat' dir='ltr'>argumentis</span> <span class='ocrx_word' id='word_1_439' title='bbox 1130 2435 1243 2477; x_wconf 88' lang='lat' dir='ltr'>urgeri</span> <span class='ocrx_word' id='word_1_440' title='bbox 1277 2434 1436 2466; x_wconf 90' lang='lat' dir='ltr'>credulus</span> <span class='ocrx_word' id='word_1_441' title='bbox 1467 2433 1668 2465; x_wconf 88' lang='lat' dir='ltr'>arbitrabar.</span> <span class='ocrx_word' id='word_1_442' title='bbox 1716 2432 1822 2463; x_wconf 88' lang='lat' dir='ltr'>Levia</span> <span class='ocrx_word' id='word_1_443' title='bbox 1855 2433 2022 2473; x_wconf 83' lang='lat' dir='ltr'>profecto,</span> <span class='ocrx_word' id='word_1_444' title='bbox 2046 2432 2143 2464; x_wconf 90' lang='lat' dir='ltr'>simul</span> <span class='ocrx_word' id='word_1_445' title='bbox 2176 2439 2210 2465; x_wconf 84' lang='lat' dir='ltr'>et</span> 
     </span>
     <span class='ocr_line' id='line_1_39' title="bbox 363 2486 2208 2533; baseline -0.006 -5"><span class='ocrx_word' id='word_1_446' title='bbox 363 2495 604 2530; x_wconf 82' lang='lat' dir='ltr'>commentitia,</span> <span class='ocrx_word' id='word_1_447' title='bbox 618 2498 693 2523; x_wconf 91' lang='lat' dir='ltr'>sunt</span> <span class='ocrx_word' id='word_1_448' title='bbox 717 2502 783 2533; x_wconf 92' lang='lat' dir='ltr'>que</span> <span class='ocrx_word' id='word_1_449' title='bbox 808 2501 827 2521; x_wconf 93' lang='lat' dir='ltr'>a</span> <span class='ocrx_word' id='word_1_450' title='bbox 852 2489 949 2521; x_wconf 85' lang='lat' dir='ltr'>vobis</span> <span class='ocrx_word' id='word_1_451' title='bbox 973 2490 1202 2530; x_wconf 85' lang='lat' dir='ltr'>proferuntur.</span> <span class='ocrx_word' id='word_1_452' title='bbox 1250 2487 1323 2518; x_wconf 90' lang='lat' dir='ltr'>Nos</span> <span class='ocrx_word' id='word_1_453' title='bbox 1347 2498 1387 2518; x_wconf 91' lang='lat' dir='ltr'>ea</span> <span class='ocrx_word' id='word_1_454' title='bbox 1412 2487 1445 2518; x_wconf 90' lang='lat' dir='ltr'>in</span> <span class='ocrx_word' id='word_1_455' title='bbox 1470 2486 1592 2528; x_wconf 91' lang='lat' dir='ltr'>quibus</span> <span class='ocrx_word' id='word_1_456' title='bbox 1616 2487 1753 2518; x_wconf 86' lang='lat' dir='ltr'>nitimur</span> <span class='ocrx_word' id='word_1_457' title='bbox 1778 2486 1942 2522; x_wconf 89' lang='lat' dir='ltr'>videmus,</span> <span class='ocrx_word' id='word_1_458' title='bbox 1959 2496 2023 2517; x_wconf 90' lang='lat' dir='ltr'>nec</span> <span class='ocrx_word' id='word_1_459' title='bbox 2041 2486 2208 2518; x_wconf 90' lang='lat' dir='ltr'>immutari</span> 
     </span>
     <span class='ocr_line' id='line_1_40' title="bbox 364 2540 2208 2587; baseline -0.005 -6"><span class='ocrx_word' id='word_1_460' title='bbox 364 2556 421 2581; x_wconf 92' lang='lat' dir='ltr'>aut</span> <span class='ocrx_word' id='word_1_461' title='bbox 453 2548 574 2580; x_wconf 89' lang='lat' dir='ltr'>inverti</span> <span class='ocrx_word' id='word_1_462' title='bbox 610 2550 766 2587; x_wconf 86' lang='lat' dir='ltr'>possunt:</span> <span class='ocrx_word' id='word_1_463' title='bbox 798 2544 874 2586; x_wconf 90' lang='lat' dir='ltr'>quis</span> <span class='ocrx_word' id='word_1_464' title='bbox 905 2543 1035 2574; x_wconf 84' lang='lat' dir='ltr'>inficias</span> <span class='ocrx_word' id='word_1_465' title='bbox 1067 2542 1166 2573; x_wconf 89' lang='lat' dir='ltr'>iverit</span> <span class='ocrx_word' id='word_1_466' title='bbox 1202 2541 1310 2572; x_wconf 86' lang='lat' dir='ltr'>fossas</span> <span class='ocrx_word' id='word_1_467' title='bbox 1341 2540 1465 2577; x_wconf 88' lang='lat' dir='ltr'>aridas,</span> <span class='ocrx_word' id='word_1_468' title='bbox 1497 2541 1608 2571; x_wconf 90' lang='lat' dir='ltr'>menia</span> <span class='ocrx_word' id='word_1_469' title='bbox 1641 2540 1837 2576; x_wconf 88' lang='lat' dir='ltr'>humillima,</span> <span class='ocrx_word' id='word_1_470' title='bbox 1869 2540 2072 2571; x_wconf 84' lang='lat' dir='ltr'>defensores</span> <span class='ocrx_word' id='word_1_471' title='bbox 2103 2549 2208 2576; x_wconf 85' lang='lat' dir='ltr'>raros,</span> 
     </span>
    </p>
   </div>
   <div class='ocr_carea' id='block_1_7' title="bbox 632 2630 786 2633">
    <p class='ocr_par' dir='ltr' id='par_1_7' title="bbox 632 2630 786 2633">
     <span class='ocr_line' id='line_1_41' title="bbox 632 2630 786 2633; baseline 0 0"><span class='ocrx_word' id='word_1_472' title='bbox 632 2630 786 2633; x_wconf 95' lang='lat' dir='ltr'> </span> 
     </span>
    </p>
   </div>
   <div class='ocr_carea' id='block_1_8' title="bbox 499 2632 613 2635">
    <p class='ocr_par' dir='ltr' id='par_1_8' title="bbox 499 2632 613 2635">
     <span class='ocr_line' id='line_1_42' title="bbox 499 2632 613 2635; baseline 0 0"><span class='ocrx_word' id='word_1_473' title='bbox 499 2632 613 2635; x_wconf 95' lang='lat' dir='ltr'> </span> 
     </span>
    </p>
   </div>
   <div class='ocr_carea' id='block_1_9' title="bbox 367 2677 1264 3009">
    <p class='ocr_par' dir='ltr' id='par_1_9' title="bbox 367 2677 1261 2877">
     <span class='ocr_line' id='line_1_43' title="bbox 456 2677 1261 2709; baseline -0.011 -1"><span class='ocrx_word' id='word_1_474' title='bbox 456 2684 464 2700; x_wconf 85' lang='lat'><strong>¹</strong></span> <span class='ocrx_word' id='word_1_475' title='bbox 484 2682 552 2708; x_wconf 77' lang='lat' dir='ltr'>Cosi</span> <span class='ocrx_word' id='word_1_476' title='bbox 574 2684 603 2707; x_wconf 85' lang='lat' dir='ltr'>fu</span> <span class='ocrx_word' id='word_1_477' title='bbox 624 2683 764 2706; x_wconf 62' lang='lat' dir='ltr'>chiamata</span> <span class='ocrx_word' id='word_1_478' title='bbox 786 2679 931 2704; x_wconf 83' lang='lat' dir='ltr'>un’antica</span> <span class='ocrx_word' id='word_1_479' title='bbox 952 2678 1098 2702; x_wconf 82' lang='lat' dir='ltr'>macchina</span> <span class='ocrx_word' id='word_1_480' title='bbox 1114 2677 1147 2701; x_wconf 84' lang='lat' dir='ltr'>da</span> <span class='ocrx_word' id='word_1_481' title='bbox 1161 2683 1261 2709; x_wconf 85' lang='lat' dir='ltr'>guerra</span> 
     </span>
     <span class='ocr_line' id='line_1_44' title="bbox 367 2718 1260 2758; baseline -0.011 -7"><span class='ocrx_word' id='word_1_482' title='bbox 367 2727 441 2752; x_wconf 87' lang='lat' dir='ltr'>colla</span> <span class='ocrx_word' id='word_1_483' title='bbox 461 2726 542 2758; x_wconf 89' lang='lat' dir='ltr'>quale</span> <span class='ocrx_word' id='word_1_484' title='bbox 562 2726 586 2748; x_wconf 84' lang='lat' dir='ltr'>si</span> <span class='ocrx_word' id='word_1_485' title='bbox 608 2726 800 2756; x_wconf 81' lang='lat' dir='ltr'>percotevano</span> <span class='ocrx_word' id='word_1_486' title='bbox 821 2730 834 2746; x_wconf 87' lang='lat' dir='ltr'>e</span> <span class='ocrx_word' id='word_1_487' title='bbox 850 2728 1024 2753; x_wconf 84' lang='lat' dir='ltr'>rompevano</span> <span class='ocrx_word' id='word_1_488' title='bbox 1045 2720 1070 2743; x_wconf 86' lang='lat' dir='ltr'>le</span> <span class='ocrx_word' id='word_1_489' title='bbox 1090 2726 1167 2743; x_wconf 88' lang='lat' dir='ltr'>mura</span> <span class='ocrx_word' id='word_1_490' title='bbox 1187 2718 1260 2742; x_wconf 80' lang='lat' dir='ltr'>delle</span> 
     </span>
     <span class='ocr_line' id='line_1_45' title="bbox 368 2761 1260 2792; baseline -0.009 -1"><span class='ocrx_word' id='word_1_491' title='bbox 368 2768 437 2792; x_wconf 70' lang='lat' dir='ltr'>cittii</span> <span class='ocrx_word' id='word_1_492' title='bbox 463 2775 476 2790; x_wconf 85' lang='lat' dir='ltr'>e</span> <span class='ocrx_word' id='word_1_493' title='bbox 502 2767 574 2790; x_wconf 82' lang='lat' dir='ltr'>delle</span> <span class='ocrx_word' id='word_1_494' title='bbox 603 2767 734 2790; x_wconf 82' lang='lat' dir='ltr'>sortezze.</span> <span class='ocrx_word' id='word_1_495' title='bbox 772 2761 949 2788; x_wconf 73' lang='lat' dir='ltr'>L’estremita</span> <span class='ocrx_word' id='word_1_496' title='bbox 970 2762 1043 2786; x_wconf 81' lang='lat' dir='ltr'>della</span> <span class='ocrx_word' id='word_1_497' title='bbox 1064 2769 1112 2785; x_wconf 88' lang='lat' dir='ltr'>sua</span> <span class='ocrx_word' id='word_1_498' title='bbox 1138 2763 1260 2784; x_wconf 80' lang='lat' dir='ltr'>antenna</span> 
     </span>
     <span class='ocr_line' id='line_1_46' title="bbox 369 2803 1261 2838; baseline -0.01 -3"><span class='ocrx_word' id='word_1_499' title='bbox 369 2818 414 2834; x_wconf 80' lang='lat' dir='ltr'>era</span> <span class='ocrx_word' id='word_1_500' title='bbox 434 2811 462 2834; x_wconf 85' lang='lat' dir='ltr'>di</span> <span class='ocrx_word' id='word_1_501' title='bbox 483 2811 558 2834; x_wconf 82' lang='lat' dir='ltr'>ferro</span> <span class='ocrx_word' id='word_1_502' title='bbox 578 2817 595 2833; x_wconf 90' lang='grc' dir='ltr'><strong>ο</strong></span> <span class='ocrx_word' id='word_1_503' title='bbox 616 2810 643 2833; x_wconf 85' lang='lat' dir='ltr'>di</span> <span class='ocrx_word' id='word_1_504' title='bbox 664 2809 782 2838; x_wconf 75' lang='lat' dir='ltr'>bronm,</span> <span class='ocrx_word' id='word_1_505' title='bbox 811 2807 882 2830; x_wconf 83' lang='lat' dir='ltr'>satta</span> <span class='ocrx_word' id='word_1_506' title='bbox 910 2807 938 2829; x_wconf 92' lang='lat' dir='ltr'>in</span> <span class='ocrx_word' id='word_1_507' title='bbox 967 2805 1057 2828; x_wconf 85' lang='lat' dir='ltr'>forma</span> <span class='ocrx_word' id='word_1_508' title='bbox 1084 2804 1112 2828; x_wconf 88' lang='lat' dir='ltr'>di</span> <span class='ocrx_word' id='word_1_509' title='bbox 1139 2805 1211 2827; x_wconf 84' lang='lat' dir='ltr'>testa</span> <span class='ocrx_word' id='word_1_510' title='bbox 1231 2803 1261 2826; x_wconf 88' lang='lat' dir='ltr'>di</span> 
     </span>
     <span class='ocr_line' id='line_1_47' title="bbox 369 2855 463 2877; baseline -0.011 0"><span class='ocrx_word' id='word_1_511' title='bbox 369 2855 463 2877; x_wconf 82' lang='lat' dir='ltr'>ariete.</span> 
     </span>
    </p>

    <p class='ocr_par' dir='ltr' id='par_1_10' title="bbox 370 2887 1264 3009">
     <span class='ocr_line' id='line_1_48' title="bbox 457 2887 1262 2922; baseline -0.01 -4"><span class='ocrx_word' id='word_1_512' title='bbox 457 2893 467 2908; x_wconf 81' lang='lat'><strong>²</strong></span> <span class='ocrx_word' id='word_1_513' title='bbox 489 2894 619 2917; x_wconf 85' lang='lat' dir='ltr'>Machina</span> <span class='ocrx_word' id='word_1_514' title='bbox 640 2892 768 2919; x_wconf 82' lang='lat' dir='ltr'>tectoria,</span> <span class='ocrx_word' id='word_1_515' title='bbox 795 2892 941 2922; x_wconf 80' lang='lat' dir='ltr'>compacta</span> <span class='ocrx_word' id='word_1_516' title='bbox 967 2897 1001 2913; x_wconf 87' lang='lat' dir='ltr'>ex</span> <span class='ocrx_word' id='word_1_517' title='bbox 1028 2889 1115 2920; x_wconf 87' lang='lat' dir='ltr'>lignis</span> <span class='ocrx_word' id='word_1_518' title='bbox 1138 2887 1262 2912; x_wconf 82' lang='lat' dir='ltr'>trabibu-</span> 
     </span>
     <span class='ocr_line' id='line_1_49' title="bbox 371 2930 1262 2968; baseline -0.009 -8"><span class='ocrx_word' id='word_1_519' title='bbox 371 2937 485 2968; x_wconf 69' lang='lat' dir='ltr'>sque,in</span> <span class='ocrx_word' id='word_1_520' title='bbox 507 2936 619 2959; x_wconf 86' lang='lat' dir='ltr'>modum</span> <span class='ocrx_word' id='word_1_521' title='bbox 640 2935 725 2958; x_wconf 85' lang='lat' dir='ltr'>cratis</span> <span class='ocrx_word' id='word_1_522' title='bbox 746 2933 897 2960; x_wconf 50' lang='lat' dir='ltr'>contextis</span> <span class='ocrx_word' id='word_1_523' title='bbox 918 2932 1053 2956; x_wconf 87' lang='lat' dir='ltr'>lateribus</span> <span class='ocrx_word' id='word_1_524' title='bbox 1067 2931 1160 2960; x_wconf 83' lang='lat' dir='ltr'>etiam,</span> <span class='ocrx_word' id='word_1_525' title='bbox 1181 2930 1262 2953; x_wconf 87' lang='lat' dir='ltr'>vimi—</span> 
     </span>
     <span class='ocr_line' id='line_1_50' title="bbox 370 2972 1264 3009; baseline -0.009 -6"><span class='ocrx_word' id='word_1_526' title='bbox 370 2985 412 3007; x_wconf 88' lang='lat' dir='ltr'>ne,</span> <span class='ocrx_word' id='word_1_527' title='bbox 426 2978 573 3009; x_wconf 87' lang='lat' dir='ltr'>crudisque</span> <span class='ocrx_word' id='word_1_528' title='bbox 593 2977 681 3001; x_wconf 85' lang='lat' dir='ltr'>corils</span> <span class='ocrx_word' id='word_1_529' title='bbox 702 2975 869 3003; x_wconf 77' lang='lat' dir='ltr'>obfirmatis,</span> <span class='ocrx_word' id='word_1_530' title='bbox 890 2982 923 2998; x_wconf 89' lang='lat' dir='ltr'>ne</span> <span class='ocrx_word' id='word_1_531' title='bbox 949 2975 1022 2997; x_wconf 80' lang='lat' dir='ltr'>actis</span> <span class='ocrx_word' id='word_1_532' title='bbox 1048 2972 1166 3005; x_wconf 83' lang='lat' dir='ltr'>desuper</span> <span class='ocrx_word' id='word_1_533' title='bbox 1186 2973 1264 2996; x_wconf 88' lang='lat' dir='ltr'>saxis</span> 
     </span>
    </p>
   </div>
   <div class='ocr_carea' id='block_1_10' title="bbox 1314 2675 2210 2916">
    <p class='ocr_par' dir='ltr' id='par_1_11' title="bbox 1314 2675 2210 2788">
     <span class='ocr_line' id='line_1_51' title="bbox 1314 2675 2210 2707; baseline 0 -8"><span class='ocrx_word' id='word_1_534' title='bbox 1314 2675 1435 2706; x_wconf 80' lang='lat' dir='ltr'>telisque</span> <span class='ocrx_word' id='word_1_535' title='bbox 1461 2676 1650 2707; x_wconf 83' lang='lat' dir='ltr'>perringatur.</span> <span class='ocrx_word' id='word_1_536' title='bbox 1688 2675 1777 2699; x_wconf 81' lang='lat' dir='ltr'>Huius</span> <span class='ocrx_word' id='word_1_537' title='bbox 1809 2676 2049 2700; x_wconf 84' lang='lat' dir='ltr'>constructionem</span> <span class='ocrx_word' id='word_1_538' title='bbox 2076 2682 2210 2706; x_wconf 85' lang='lat' dir='ltr'>usumque</span> 
     </span>
     <span class='ocr_line' id='line_1_52' title="bbox 1315 2717 2209 2749; baseline 0 -8"><span class='ocrx_word' id='word_1_539' title='bbox 1315 2718 1449 2742; x_wconf 83' lang='lat' dir='ltr'>describit</span> <span class='ocrx_word' id='word_1_540' title='bbox 1470 2717 1630 2745; x_wconf 68' lang='lat' dir='ltr'>VEGETms,</span> <span class='ocrx_word' id='word_1_541' title='bbox 1651 2718 1699 2741; x_wconf 86' lang='lat' dir='ltr'>lib.</span> <span class='ocrx_word' id='word_1_542' title='bbox 1720 2725 1744 2749; x_wconf 75' lang='lat'>4,</span> <span class='ocrx_word' id='word_1_543' title='bbox 1771 2725 1830 2749; x_wconf 83' lang='lat' dir='ltr'>cap.</span> <span class='ocrx_word' id='word_1_544' title='bbox 1859 2724 1898 2748; x_wconf 84' lang='lat'>15.</span> <span class='ocrx_word' id='word_1_545' title='bbox 1937 2717 1970 2741; x_wconf 90' lang='lat' dir='ltr'>V.</span> <span class='ocrx_word' id='word_1_546' title='bbox 1997 2717 2145 2741; x_wconf 74' lang='lat' dir='ltr'><strong>CAROLUM</strong></span> <span class='ocrx_word' id='word_1_547' title='bbox 2171 2725 2209 2741; x_wconf 79' lang='lat' dir='ltr'>DE</span> 
     </span>
     <span class='ocr_line' id='line_1_53' title="bbox 1315 2760 1692 2788; baseline 0.003 -5"><span class='ocrx_word' id='word_1_548' title='bbox 1315 2761 1437 2788; x_wconf 77' lang='lat' dir='ltr'>AQmNo</span> <span class='ocrx_word' id='word_1_549' title='bbox 1458 2760 1488 2783; x_wconf 86' lang='lat' dir='ltr'>in</span> <span class='ocrx_word' id='word_1_550' title='bbox 1510 2760 1593 2784; x_wconf 83' lang='lat' dir='ltr'>Gloss.</span> <span class='ocrx_word' id='word_1_551' title='bbox 1613 2760 1692 2784; x_wconf 78' lang='lat' dir='ltr'>milit.</span> 
     </span>
    </p>

    <p class='ocr_par' dir='ltr' id='par_1_12' title="bbox 1316 2800 2210 2916">
     <span class='ocr_line' id='line_1_54' title="bbox 1404 2800 2210 2834; baseline 0 -9"><span class='ocrx_word' id='word_1_552' title='bbox 1404 2800 1415 2816; x_wconf 78' lang='lat'>³</span> <span class='ocrx_word' id='word_1_553' title='bbox 1435 2802 1569 2829; x_wconf 86' lang='lat' dir='ltr'>Testudo,</span> <span class='ocrx_word' id='word_1_554' title='bbox 1591 2803 1661 2825; x_wconf 83' lang='lat' dir='ltr'>scuti</span> <span class='ocrx_word' id='word_1_555' title='bbox 1682 2808 1771 2833; x_wconf 87' lang='lat' dir='ltr'>genus</span> <span class='ocrx_word' id='word_1_556' title='bbox 1786 2802 1940 2832; x_wconf 87' lang='lat' dir='ltr'>oblongum</span> <span class='ocrx_word' id='word_1_557' title='bbox 1955 2802 2105 2834; x_wconf 78' lang='lat' dir='ltr'>aptumque</span> <span class='ocrx_word' id='word_1_558' title='bbox 2126 2802 2158 2825; x_wconf 88' lang='lat' dir='ltr'>ad</span> <span class='ocrx_word' id='word_1_559' title='bbox 2174 2804 2210 2825; x_wconf 87' lang='lat' dir='ltr'>te-</span> 
     </span>
     <span class='ocr_line' id='line_1_55' title="bbox 1316 2843 2209 2874; baseline -0.001 -7"><span class='ocrx_word' id='word_1_560' title='bbox 1316 2843 1457 2867; x_wconf 87' lang='lat' dir='ltr'>studinem</span> <span class='ocrx_word' id='word_1_561' title='bbox 1477 2843 1679 2867; x_wconf 79' lang='lat' dir='ltr'>conficiendam</span> <span class='ocrx_word' id='word_1_562' title='bbox 1701 2844 1850 2873; x_wconf 75' lang='lat' dir='ltr'>(NANGan</span> <span class='ocrx_word' id='word_1_563' title='bbox 1870 2843 1899 2866; x_wconf 89' lang='lat' dir='ltr'>in</span> <span class='ocrx_word' id='word_1_564' title='bbox 1925 2843 1984 2866; x_wconf 76' lang='lat' dir='ltr'>Vita</span> <span class='ocrx_word' id='word_1_565' title='bbox 2005 2843 2031 2866; x_wconf 90' lang='lat' dir='ltr'>S.</span> <span class='ocrx_word' id='word_1_566' title='bbox 2057 2843 2209 2874; x_wconf 72' lang='lat' dir='ltr'>Ludo-vici).</span> 
     </span>
     <span class='ocr_line' id='line_1_56' title="bbox 1317 2885 2209 2916; baseline -0.002 -6"><span class='ocrx_word' id='word_1_567' title='bbox 1317 2887 1359 2910; x_wconf 85' lang='lat' dir='ltr'>De</span> <span class='ocrx_word' id='word_1_568' title='bbox 1378 2887 1570 2910; x_wconf 86' lang='lat' dir='ltr'>testudinibus</span> <span class='ocrx_word' id='word_1_569' title='bbox 1590 2887 1679 2910; x_wconf 84' lang='lat' dir='ltr'>variis</span> <span class='ocrx_word' id='word_1_570' title='bbox 1706 2886 1886 2916; x_wconf 88' lang='lat' dir='ltr'>militaribus,</span> <span class='ocrx_word' id='word_1_571' title='bbox 1916 2886 1979 2908; x_wconf 78' lang='lat' dir='ltr'>vide</span> <span class='ocrx_word' id='word_1_572' title='bbox 2006 2885 2151 2910; x_wconf 70' lang='lat' dir='ltr'>CAuoLUM</span> <span class='ocrx_word' id='word_1_573' title='bbox 2172 2892 2209 2909; x_wconf 78' lang='lat' dir='ltr'>DE</span> 
     </span>
    </p>
   </div>
   <div class='ocr_carea' id='block_1_11' title="bbox 1317 2927 2211 3002">
    <p class='ocr_par' dir='ltr' id='par_1_13' title="bbox 1317 2927 2211 3002">
     <span class='ocr_line' id='line_1_57' title="bbox 1317 2927 2211 2959; baseline -0.001 -7"><span class='ocrx_word' id='word_1_574' title='bbox 1317 2929 1439 2957; x_wconf 73' lang='lat' dir='ltr'>Aoumo</span> <span class='ocrx_word' id='word_1_575' title='bbox 1459 2929 1489 2952; x_wconf 83' lang='lat' dir='ltr'>in</span> <span class='ocrx_word' id='word_1_576' title='bbox 1509 2928 1602 2952; x_wconf 72' lang='lat' dir='ltr'><em>Lext&#39;co</em></span> <span class='ocrx_word' id='word_1_577' title='bbox 1622 2929 1738 2951; x_wconf 75' lang='lat' dir='ltr'>mt&#39;litari</span> <span class='ocrx_word' id='word_1_578' title='bbox 1757 2928 1922 2959; x_wconf 76' lang='lat' dir='ltr'>(DUCANGE.</span> <span class='ocrx_word' id='word_1_579' title='bbox 1945 2928 2116 2955; x_wconf 74' lang='lat' dir='ltr'>Glossarium,</span> <span class='ocrx_word' id='word_1_580' title='bbox 2136 2927 2211 2951; x_wconf 84' lang='lat' dir='ltr'>Pari—</span> 
     </span>
     <span class='ocr_line' id='line_1_58' title="bbox 1320 2969 1635 3002; baseline -0.003 -7"><span class='ocrx_word' id='word_1_581' title='bbox 1320 2971 1378 3002; x_wconf 75' lang='lat' dir='ltr'>sus,</span> <span class='ocrx_word' id='word_1_582' title='bbox 1403 2969 1478 3002; x_wconf 77' lang='lat'>1846,</span> <span class='ocrx_word' id='word_1_583' title='bbox 1498 2970 1544 2999; x_wconf 86' lang='lat' dir='ltr'>VI,</span> <span class='ocrx_word' id='word_1_584' title='bbox 1565 2969 1635 3002; x_wconf 86' lang='lat'>569).</span> 
     </span>
    </p>
   </div>
   <div class='ocr_carea' id='block_1_12' title="bbox 461 3084 2208 3123">
    <p class='ocr_par' dir='ltr' id='par_1_14' title="bbox 461 3084 2208 3123">
     <span class='ocr_line' id='line_1_59' title="bbox 461 3084 2208 3123; baseline -0.004 -6"><span class='ocrx_word' id='word_1_585' title='bbox 461 3094 479 3118; x_wconf 89' lang='lat'>1.</span> <span class='ocrx_word' id='word_1_586' title='bbox 500 3099 513 3116; x_wconf 84' lang='lat'><em>2</em></span> <span class='ocrx_word' id='word_1_587' title='bbox 529 3091 647 3117; x_wconf 85' lang='lat' dir='ltr'>debilem</span> <span class='ocrx_word' id='word_1_588' title='bbox 668 3092 700 3120; x_wconf 90' lang='grc' dir='ltr'>Λ,</span> <span class='ocrx_word' id='word_1_589' title='bbox 721 3098 746 3123; x_wconf 85' lang='lat' dir='ltr'>p.</span> <span class='ocrx_word' id='word_1_590' title='bbox 768 3097 808 3122; x_wconf 84' lang='lat'>59.</span> <span class='ocrx_word' id='word_1_591' title='bbox 829 3103 860 3107; x_wconf 89' lang='lat'>—</span> <span class='ocrx_word' id='word_1_592' title='bbox 881 3090 900 3114; x_wconf 92' lang='lat' dir='ltr'>l.</span> <span class='ocrx_word' id='word_1_593' title='bbox 920 3095 933 3121; x_wconf 96' lang='lat'><strong>7</strong></span> <span class='ocrx_word' id='word_1_594' title='bbox 956 3090 1106 3113; x_wconf 78' lang='lat' dir='ltr'>serenitate</span> <span class='ocrx_word' id='word_1_595' title='bbox 1132 3089 1162 3118; x_wconf 85' lang='grc' dir='ltr'>Τ,</span> <span class='ocrx_word' id='word_1_596' title='bbox 1181 3096 1203 3112; x_wconf 82' lang='lat' dir='ltr'>c.</span> <span class='ocrx_word' id='word_1_597' title='bbox 1225 3093 1284 3119; x_wconf 84' lang='lat'>702.</span> <span class='ocrx_word' id='word_1_598' title='bbox 1303 3100 1335 3104; x_wconf 90' lang='lat'>—</span> <span class='ocrx_word' id='word_1_599' title='bbox 1355 3087 1374 3110; x_wconf 85' lang='lat' dir='ltr'>l.</span> <span class='ocrx_word' id='word_1_600' title='bbox 1398 3094 1428 3117; x_wconf 84' lang='lat'>19</span> <span class='ocrx_word' id='word_1_601' title='bbox 1448 3094 1479 3110; x_wconf 83' lang='lat' dir='ltr'>ac</span> <span class='ocrx_word' id='word_1_602' title='bbox 1499 3086 1571 3110; x_wconf 86' lang='lat' dir='ltr'>turrl</span> <span class='ocrx_word' id='word_1_603' title='bbox 1592 3087 1624 3116; x_wconf 83' lang='grc' dir='ltr'>Α,</span> <span class='ocrx_word' id='word_1_604' title='bbox 1646 3093 1672 3119; x_wconf 91' lang='lat' dir='ltr'>p.</span> <span class='ocrx_word' id='word_1_605' title='bbox 1691 3085 1734 3110; x_wconf 85' lang='lat'>60.</span> <span class='ocrx_word' id='word_1_606' title='bbox 1755 3099 1786 3103; x_wconf 89' lang='lat'>—</span> <span class='ocrx_word' id='word_1_607' title='bbox 1807 3086 1824 3109; x_wconf 92' lang='lat' dir='ltr'>l.</span> <span class='ocrx_word' id='word_1_608' title='bbox 1849 3091 1879 3118; x_wconf 83' lang='lat'>35</span> <span class='ocrx_word' id='word_1_609' title='bbox 1907 3084 2024 3110; x_wconf 72' lang='lat' dir='ltr'>ORATIO</span> <span class='ocrx_word' id='word_1_610' title='bbox 2051 3086 2079 3114; x_wconf 88' lang='lat' dir='ltr'>T,</span> <span class='ocrx_word' id='word_1_611' title='bbox 2100 3093 2121 3110; x_wconf 86' lang='lat' dir='ltr'>c.</span> <span class='ocrx_word' id='word_1_612' title='bbox 2150 3091 2208 3118; x_wconf 84' lang='lat'>703.</span> 
     </span>
    </p>
   </div>
   <div class='ocr_carea' id='block_1_13' title="bbox 349 3135 794 3170">
    <p class='ocr_par' dir='ltr' id='par_1_15' title="bbox 349 3135 794 3170">
     <span class='ocr_line' id='line_1_60' title="bbox 349 3135 794 3170; baseline -0.007 -7"><span class='ocrx_word' id='word_1_613' title='bbox 349 3152 382 3159; x_wconf 92' lang='lat'><em>-</em></span> <span class='ocrx_word' id='word_1_614' title='bbox 402 3139 421 3163; x_wconf 87' lang='lat' dir='ltr'>l.</span> <span class='ocrx_word' id='word_1_615' title='bbox 440 3136 474 3170; x_wconf 82' lang='lat'>36</span> <span class='ocrx_word' id='word_1_616' title='bbox 492 3136 630 3161; x_wconf 84' lang='lat' dir='ltr'>Neutrum</span> <span class='ocrx_word' id='word_1_617' title='bbox 650 3137 687 3163; x_wconf 81' lang='lat' dir='ltr'>A,</span> <span class='ocrx_word' id='word_1_618' title='bbox 707 3143 732 3168; x_wconf 90' lang='lat' dir='ltr'>p.</span> <span class='ocrx_word' id='word_1_619' title='bbox 753 3135 794 3160; x_wconf 80' lang='lat'>61.</span> 
     </span>
    </p>
   </div>
   <div class='ocr_carea' id='block_1_14' title="bbox 2226 783 2263 814">
    <p class='ocr_par' dir='ltr' id='par_1_16' title="bbox 2226 783 2263 814">
     <span class='ocr_line' id='line_1_61' title="bbox 2226 783 2263 814; baseline 0 0"><span class='ocrx_word' id='word_1_620' title='bbox 2226 783 2263 814; x_wconf 92' lang='grc'>10</span> 
     </span>
    </p>
   </div>
   <div class='ocr_carea' id='block_1_15' title="bbox 2227 1050 2264 1081">
    <p class='ocr_par' dir='ltr' id='par_1_17' title="bbox 2227 1050 2264 1081">
     <span class='ocr_line' id='line_1_62' title="bbox 2227 1050 2264 1081; baseline 0 0"><span class='ocrx_word' id='word_1_621' title='bbox 2227 1050 2264 1081; x_wconf 89' lang='lat'>15</span> 
     </span>
    </p>
   </div>
   <div class='ocr_carea' id='block_1_16' title="bbox 2226 1423 2267 1454">
    <p class='ocr_par' dir='ltr' id='par_1_18' title="bbox 2226 1423 2267 1454">
     <span class='ocr_line' id='line_1_63' title="bbox 2226 1423 2267 1454; baseline 0.024 -1"><span class='ocrx_word' id='word_1_622' title='bbox 2226 1423 2267 1454; x_wconf 88' lang='lat'>20</span> 
     </span>
    </p>
   </div>
   <div class='ocr_carea' id='block_1_17' title="bbox 2229 1689 2270 1721">
    <p class='ocr_par' dir='ltr' id='par_1_19' title="bbox 2229 1689 2270 1721">
     <span class='ocr_line' id='line_1_64' title="bbox 2229 1689 2270 1721; baseline 0 0"><span class='ocrx_word' id='word_1_623' title='bbox 2229 1689 2270 1721; x_wconf 88' lang='lat'>25</span> 
     </span>
    </p>
   </div>
   <div class='ocr_carea' id='block_1_18' title="bbox 2232 1957 2272 1987">
    <p class='ocr_par' dir='ltr' id='par_1_20' title="bbox 2232 1957 2272 1987">
     <span class='ocr_line' id='line_1_65' title="bbox 2232 1957 2272 1987; baseline 0 0"><span class='ocrx_word' id='word_1_624' title='bbox 2232 1957 2272 1987; x_wconf 82' lang='lat'>30</span> 
     </span>
    </p>
   </div>
   <div class='ocr_carea' id='block_1_19' title="bbox 2232 2294 2272 2326">
    <p class='ocr_par' dir='ltr' id='par_1_21' title="bbox 2232 2294 2272 2326">
     <span class='ocr_line' id='line_1_66' title="bbox 2232 2294 2272 2326; baseline 0 0"><span class='ocrx_word' id='word_1_625' title='bbox 2232 2294 2272 2326; x_wconf 88' lang='grc'>35</span> 
     </span>
    </p>
   </div>
   <div class='ocr_carea' id='block_1_20' title="bbox 2241 2721 2272 2739">
    <p class='ocr_par' dir='ltr' id='par_1_22' title="bbox 2241 2721 2272 2739">
     <span class='ocr_line' id='line_1_67' title="bbox 2241 2721 2272 2739; baseline 0.032 -1"><span class='ocrx_word' id='word_1_626' title='bbox 2241 2721 2272 2739; x_wconf 90' lang='lat'>10</span> 
     </span>
    </p>
   </div>
   <div class='ocr_carea' id='block_1_21' title="bbox 2243 2934 2272 2959">
    <p class='ocr_par' dir='ltr' id='par_1_23' title="bbox 2243 2934 2272 2959">
     <span class='ocr_line' id='line_1_68' title="bbox 2243 2934 2272 2959; baseline 0 0"><span class='ocrx_word' id='word_1_627' title='bbox 2243 2934 2272 2959; x_wconf 82' lang='lat'>¹5</span> 
     </span>
    </p>
   </div>
  </div>
 </body>
</html>
