2388 3439
703 210 773 246 DE
802 208 1080 246 OBSIDIONE
1108 210 1500 247 TIPHERNATUM
1969 211 2016 251 27

173 332 263 364 modi
281 333 446 375 angustiis
462 332 646 375 aliquando
673 333 869 364 eximamur.
918 333 1037 364 Distuli
1063 333 1218 364 consulto
1243 333 1357 375 quoad
1375 333 1466 374 potui
1486 339 1531 367 ut,
1549 333 1610 364 nisi
1629 334 1730 364 armis
1754 345 1838 375 opus
1858 335 1955 370 foret,
1981 346 2022 366 ne

172 397 265 417 arma
294 392 510 427 caperentur.
537 385 613 417 boni
639 386 816 417 dictatoris
840 386 926 417 sicut
951 386 1074 417 medici
1093 393 1228 416 secutus
1258 385 1414 422 officium,
1439 386 1495 427 qui
1522 386 1555 417 in
1580 387 1708 428 aegroti
1728 387 1902 418 curatione
1931 387 2021 419 ferro

172 439 347 470 dumtaxat
365 445 476 470 utatur
492 438 536 470 ad
555 445 771 479 postremum.
821 438 921 469 Nunc
940 439 1143 470 necessitate
1162 439 1362 479 premimur:
1387 439 1606 470 dimicatione
1623 440 1806 480 proposita,
1829 440 2021 472 necessitati

172 491 419 523 consulendum
437 498 497 523 est.
523 491 562 522 In
579 502 680 522 manu
699 498 810 522 vestra
827 492 981 527 servitus,
998 501 1087 522 mors
1105 497 1138 522 et
1151 491 1292 522 victoria
1310 491 1449 532 pendet.
1478 491 1531 522 Ne
1551 491 1646 522 vobis
1663 492 1814 523 defuisse
1829 492 2022 529 videamini,

128 544 146 576 5
171 551 277 576 restat
301 551 336 576 ut
360 544 580 575 memineritis
606 554 665 575 vos
690 544 779 575 viros
805 554 890 575 esse.
941 545 1012 575 Deo
1037 545 1182 575 maximo
1206 544 1279 585 ipse
1304 544 1431 586 gratias
1456 545 1671 587 peragendas
1694 544 1841 577 arbitror
1857 556 1930 576 eam
1950 546 2023 577 illu-

173 598 260 629 xisse
284 597 374 629 diem
399 608 467 638 qua
492 596 589 628 nobis
606 597 828 628 immortalem
857 597 979 628 samam
1006 607 1205 638 comparare
1231 597 1415 638 possimus)
1439 604 1541 639 atque
1568 609 1633 628 una
1657 609 1794 629 auream
1821 598 2022 635 libertatem,

172 650 308 682 dulcem
334 650 488 691 patriam,
513 659 611 680 caros
636 656 806 690 parentes,
831 650 1019 691 dulcesque
1049 656 1145 681 natos
1170 656 1336 690 perpetuo
1368 650 1545 682 restituere
1579 650 1761 682 valeamus.
1810 650 1889 682 Eius
1919 651 2020 683 dictis

173 714 250 735 cum
278 703 447 734 neminem
474 713 540 734 non
564 702 760 734 audientem
788 702 940 737 haberet,
965 703 1103 734 dimissa
1120 703 1299 737 concione,
1316 702 1360 734 ad
1378 713 1455 733 suas
1471 703 1643 741 stationes,
1660 704 1946 745 quemadmodum
1965 706 2024 736 im-

171 762 326 798 peratum
352 756 474 792 fuerat,
498 755 644 797 impigre
669 766 786 786 omnes
821 755 1029 792 accelerant,
1054 766 1094 786 eo
1119 756 1350 792 studiosiores,
1374 762 1443 787 tum
1470 756 1533 788 hac
1562 757 1726 793 oratione,
1758 764 1826 789 tum
1859 757 2023 790 libertatis

110 810 148 840 lo
172 816 207 841 et
230 815 408 851 parentum
433 818 560 844 amore,
592 814 627 839 ut
659 808 739 839 inde
771 808 870 844 saxis,
901 808 1095 850 glandibus,
1122 809 1246 845 fundis,
1278 809 1364 845 telis,
1394 809 1607 850 bipennibus,
1639 810 1780 853 sagittis,
1812 811 1962 853 tragulis,
1991 818 2025 843 et

171 861 408 904 scorpionibus
423 861 442 898 ¹,
468 868 502 893 et
518 861 658 903 reliquis
675 862 719 893 ad
737 862 967 893 dimicandum
993 863 1216 903 praeparatis,
1243 863 1356 894 hostes
1372 862 1525 904 qualibet
1541 863 1777 905 irrumpentes,
1802 871 1835 896 et
1859 865 2024 897 sustinere

172 922 206 947 et
230 915 399 957 repellere
426 915 572 946 valeant.

527 1052 636 1090 QUOT
661 1062 706 1084 ET
731 1063 859 1090 QUIBUS
886 1063 922 1085 IN
947 1063 1047 1085 LOCIS
1071 1063 1304 1086 OPPUGNATIO
1322 1064 1426 1086 URBIS
1450 1064 1573 1086 FACTA
1598 1065 1671 1087 EST.

259 1142 447 1184 Tripartito
472 1142 587 1184 itaque
613 1142 776 1178 exercitu,
791 1142 923 1184 legatus
949 1143 1055 1174 tribus
1080 1154 1122 1174 ex
1146 1142 1299 1184 partibus
1316 1142 1433 1174 urbem
1451 1151 1637 1186 oppugnat,
1653 1155 1674 1175 a
1690 1146 1932 1186 septentrione,
1949 1158 2018 1178 me-

108 1196 145 1228 15
169 1196 268 1233 ridie,
292 1202 395 1238 atque
420 1194 614 1226 occidente.
662 1195 694 1226 A
718 1195 858 1237 regione
886 1206 966 1227 vero
991 1196 1247 1236 septentrionali
1273 1196 1317 1228 ad
1343 1196 1479 1237 turrim',
1497 1197 1598 1238 paulo
1623 1204 1701 1229 ante
1720 1197 1870 1230 exustam
1899 1200 2024 1232 instau-

169 1257 357 1292 ratamque,
385 1249 610 1284 deferuntur;
643 1249 678 1280 in
710 1249 913 1280 munitiones
944 1259 1177 1292 aggeremque
1210 1250 1442 1286 contendunt3
1475 1251 1518 1282 ad
1548 1251 1659 1282 menia
1691 1258 1802 1284 autem
1835 1252 1880 1284 ob
1916 1254 2023 1286 fossas

169 1304 308 1346 oblique
332 1303 511 1339 deductas,
536 1308 571 1334 et
594 1301 638 1333 ab
662 1302 845 1343 oppidanis
869 1302 1129 1345 diligentissime
1156 1304 1353 1340 custoditas,
1378 1303 1578 1344 prohibetur
1602 1315 1772 1337 accessus.
1815 1305 1916 1338 Turri
1942 1318 2025 1351 ergo

167 1356 479 1399 munitionibusque
504 1356 715 1393 incumbunt,
739 1356 882 1397 parique
907 1357 1098 1388 constantia
1122 1363 1225 1398 atque
1251 1357 1441 1398 pertinacia
1466 1358 1624 1400 utrinque
1656 1365 1822 1391 certatur:
1848 1360 1880 1391 hi
1914 1368 1949 1393 ut
1973 1372 2026 1393 su-

168 1418 300 1454 perent,
326 1410 358 1441 hi
386 1421 428 1442 ne
454 1416 658 1451 superentur
683 1408 871 1445 elaborant,
897 1409 1064 1453 ceduntur
1088 1410 1223 1450 plurimi
1249 1421 1291 1441 ex
1315 1399 1574 1442 confertissimis
1599 1412 1762 1449 hostibus,
1786 1413 1821 1444 in
1845 1424 1930 1455 quos
1961 1426 2026 1447 nec

93 1466 134 1496 20
158 1465 274 1501 telum,
300 1474 364 1495 nec
389 1463 517 1506 sagitta
543 1463 713 1494 incassum
731 1463 881 1503 torqueri
916 1469 1059 1503 poterat.
1108 1462 1169 1494 His
1185 1464 1353 1495 acerrime
1371 1464 1656 1501 conflictantibus,
1673 1465 1921 1507 oppidanorum
1947 1478 2027 1500 con-

168 1519 263 1550 tinuo
286 1517 453 1561 grandius
477 1522 681 1548 tormentum
708 1516 863 1552 intonuit,
888 1522 922 1547 et
947 1516 1025 1547 ville
1051 1516 1236 1559 fastigium,
1261 1517 1296 1548 in
1320 1528 1420 1558 quam
1447 1517 1560 1549 hostes
1585 1519 1824 1562 confugerant,
1857 1522 2025 1558 verberat,

169 1582 236 1614 qua
260 1569 492 1614 pyramidales
515 1568 631 1601 trabes
656 1569 807 1600 lacunari
833 1569 1025 1611 affiguntur.
1073 1568 1208 1606 Quibus
1233 1570 1396 1607 disiectis,
1421 1576 1547 1602 tectum
1573 1581 1683 1609 omne,
1708 1571 1822 1604 trabes
1846 1584 1887 1605 ac
1911 1575 2025 1620 tegule

168 1630 342 1661 corruunt,
367 1630 402 1655 et
425 1622 588 1654 militibus
612 1622 762 1659 inclusis,
781 1631 848 1653 non
866 1621 936 1652 nisi¹
954 1622 998 1653 de
1015 1629 1123 1654 morte
1148 1622 1388 1665 cogitantibus,
1413 1624 1593 1655 maximum
1619 1631 1783 1657 terrorem
1800 1626 1978 1665 incutiunt,
1993 1628 2026 1659 hi

172 1678 266 1710 velut
289 1687 372 1719 apes
399 1676 542 1708 exiliunt
566 1675 717 1717 undique
742 1675 922 1716 pallentes,
947 1681 982 1706 et
1005 1676 1245 1717 pulverulenti.
1294 1676 1422 1708 Verum
1447 1678 1473 1708 si
1500 1677 1568 1719 pila
1593 1678 1695 1719 paulo
1719 1679 1915 1721 depressius
1941 1681 2028 1713 irru-

107 1730 147 1763 25
172 1731 288 1774 pisset‚
313 1730 423 1772 potuit
447 1729 587 1772 quidem
612 1728 704 1760 haud
729 1727 834 1760 dubie
851 1739 969 1760 omnes
986 1735 1177 1761 conterere.
1224 1729 1305 1761 Non
1321 1736 1435 1762 tamen
1466 1731 1597 1763 idcirco
1615 1732 1730 1763 hostes
1746 1732 1902 1775 ignavius
1919 1734 2029 1767 fossas

172 1795 347 1827 superare,
371 1783 576 1817 munitiones
599 1782 780 1818 transilire,
806 1782 993 1824 turrimque
1017 1782 1194 1815 debellare
1219 1790 1396 1815 conantur.
1443 1783 1616 1826 Oppidani
1632 1796 1724 1823 vero,
1742 1785 1823 1818 licet
1839 1797 1907 1819 non
1923 1789 2029 1820 mino-

172 1838 266 1871 ribus
290 1836 419 1870 viribus
444 1837 625 1878 animoque
651 1835 816 1873 valerent,
845 1835 925 1878 quia
957 1842 1072 1868 tamen
1095 1847 1236 1868 numero
1261 1837 1409 1879 impares
1433 1843 1520 1875 sunt,
1553 1844 1587 1870 et
1618 1839 1845 1871 sinistrorsum
1877 1841 2030 1883 qualibet

173 1892 387 1928 insultantur,
411 1897 480 1923 tam
504 1889 672 1933 grandem
697 1889 860 1930 impetum
886 1889 977 1920 ferre
1003 1896 1187 1932 nequeunt.
1235 1889 1360 1922 Hostes
1385 1891 1473 1922 intra
1498 1891 1702 1923 munifiones
1727 1892 1802 1924 loca
1827 1894 1939 1925 omnia
1964 1895 2029 1925 iam

172 1951 354 1988 occupant,
378 1955 542 1989 aggerem
567 1944 612 1975 ad
637 1943 755 1975 turrim
779 1943 1050 1975 circumductum
1075 1944 1285 1981 rescindunt,
1300 1951 1334 1976 et
1358 1945 1508 1976 flammas
1526 1945 1656 1977 crebris
1673 1946 1708 1977 in
1725 1946 1808 1978 locis
1825 1955 2029 1989 supponunt.

107 1999 150 2031 30
175 1998 243 2036 Qui
268 2005 382 2031 autem
407 1998 451 2030 ad
476 1997 577 2030 turris
601 1997 787 2042 presidium
813 1996 968 2038 dispositi
994 1997 1141 2035 fuerant,
1155 1998 1249 2030 vario
1275 2009 1404 2041 genere
1430 1999 1573 2030 telorum
1599 1999 1738 2031 iniurias
1763 2000 1972 2042 propulsant,
1997 2008 2032 2034 et

174 2053 326 2084 flammas
352 2053 506 2084 furentes
531 2051 674 2082 fornicis
698 2050 868 2082 beneficio
892 2049 1062 2082 derident.
1105 2050 1145 2082 In
1170 2051 1231 2082 hos
1256 2052 1305 2083 vis
1329 2052 1471 2083 militum
1497 2053 1605 2084 omnis
1630 2053 1749 2091 fertur,
1766 2054 1845 2096 quia
1862 2055 1944 2086 turri
1962 2066 2030 2087 non

173 2105 349 2138 debellata
374 2105 500 2137 frustra
523 2104 568 2136 ad
592 2114 755 2147 aggerem
780 2109 877 2149 portg
901 2104 1141 2146 proximiorem
1166 2112 1308 2136 conatus
1332 2115 1410 2136 suos
1442 2105 1656 2138 effudissent.
1702 2106 1735 2137 A
1759 2107 1901 2139 meridie
1933 2110 2031 2150 oppi-

173 2160 253 2192 dani
278 2160 314 2192 in
338 2159 484 2191 hostium
508 2159 691 2195 dicionem,
717 2164 863 2200 excepto
886 2168 1027 2202 aggere,
1052 2159 1165 2190 omnia
1189 2165 1310 2200 sponte
1335 2159 1551 2191 dimiserant:
1584 2166 1679 2191 extra
1710 2170 1874 2203 aggerem
1891 2162 2029 2203 prodire

173 2213 321 2245 obsessis
346 2212 493 2254 capitale
520 2212 600 2248 suin
628 2218 662 2243 et
687 2211 743 2243 hic
767 2211 867 2244 aliter
899 2222 1001 2254 quam
1033 2212 1113 2243 alibi
1147 2219 1313 2244 certatum
1345 2219 1414 2244 est:
1446 2213 1545 2255 copie
1578 2224 1715 2255 nanque
1747 2224 1875 2252 omnes,
1906 2215 2029 2257 quibus

107 2266 148 2298 35
172 2267 290 2299 datum
307 2272 381 2298 erat
396 2265 582 2309 negotium,
605 2265 651 2297 ad
667 2264 814 2297 Scaturii
832 2266 992 2298 torrentis
1009 2266 1118 2307 ripam
1135 2267 1380 2303 consederant:
1397 2267 1468 2298 illic
1485 2266 1630 2308 pedites,
1647 2267 1717 2299 illic
1735 2268 1866 2310 equites
1883 2268 2029 2301 dimissis

174 2320 281 2363 equis,
299 2320 388 2352 intra
405 2320 610 2351 munitiones
635 2319 896 2361 oppidanorum,
914 2320 1049 2351 nemine
1067 2319 1283 2361 prohibente,
1301 2320 1555 2357 conscendunt;
1579 2331 1647 2363 quo
1664 2320 1768 2353 delati
1786 2321 1831 2353 ab
1848 2321 2029 2364 oppidanis

172 2375 303 2407 eminus
337 2374 462 2411 fundis,
493 2373 688 2417 glandibus,
720 2373 972 2416 missilibusque
998 2380 1168 2414 petuntur,
1194 2375 1316 2416 quibus
1342 2385 1448 2417 usque
1474 2385 1514 2406 eo
1547 2375 1761 2412 afflictantur,
1793 2381 1828 2407 ut
1857 2386 1924 2417 quo
1956 2383 2029 2408 ten-

121 2433 126 2436 '
173 2428 257 2461 dant
280 2428 449 2471 ignorent.
496 2427 599 2460 Nunc
624 2433 720 2460 recta
744 2428 920 2464 incedunt,
945 2438 1035 2459 nunc
1060 2428 1218 2460 deorsum
1245 2428 1420 2465 inclinant,
1445 2439 1536 2460 nunc
1561 2429 1663 2460 veluti
1694 2428 1904 2461 bacchantes
1929 2430 2029 2461 humi'

173 2488 447 2519 consternuntur,
472 2482 689 2524 scorpionum
714 2480 838 2514 ictibus
862 2482 1030 2513 innumeri
1056 2482 1286 2513 vulnerantur.
1313 2481 1500 2514 Tormento
1517 2482 1659 2520 minore,
1677 2482 1769 2525 quod
1786 2483 2026 2526 spingardam²

107 2536 148 2567 40
173 2536 358 2571 nominant,
376 2535 546 2577 Neapolio
564 2534 758 2579 Tybertus⁸
776 2545 929 2573 cesenas,
946 2535 1003 2577 qui
1022 2542 1130 2580 turmg
1151 2542 1320 2577 praeerat,
1345 2536 1454 2569 cadit:
1480 2547 1595 2567 verum
1621 2536 1805 2571 enimvero,
1829 2537 1856 2568 si
1881 2547 2027 2580 aggeres

173 2589 382 2634 prescriptos
407 2589 525 2632 egredi
553 2589 704 2621 licuisset
728 2588 886 2626 obsessis,
911 2588 958 2620 illi
985 2589 1143 2630 profecto
1169 2589 1301 2631 equites
1326 2599 1443 2621 omnes
1479 2589 1740 2626 circumventos,
1771 2589 1901 2632 absque
1930 2602 2030 2633 repu-

173 2643 314 2686 gnantia
339 2643 453 2686 longa,
468 2642 572 2674 facile
597 2642 880 2684 intercepissent!

259 2834 430 2861 ¹Macchina
442 2835 556 2865 bellica,
572 2835 649 2867 “qua
664 2835 719 2860 tela
731 2835 956 2868 proliciunturn.
983 2835 1075 2860 Anna-
1132 2836 1171 2860 II.
1192 2836 1251 2863 SS..
1277 2837 1297 2860 t.
1322 2835 1385 2866 XV,
1410 2835 1465 2859 col.
1490 2834 1551 2867 396.
1588 2834 1654 2867 Tipi
1683 2835 1711 2860 di
1739 2837 1891 2869 spingardn
1917 2837 1946 2861 in
1968 2837 2027 2862 AN·

169 2881 206 2905 les
227 2879 344 2904 Flac-eru.
364 2878 398 2904 ad
419 2886 485 2903 ann.
509 2886 584 2911 ¹44⁴,
605 2879 634 2902 in
657 2878 733 2903 Men.
754 2877 813 2902 RR.
833 2877 873 2902 II.
893 2878 952 2909 SS.,
974 2880 994 2902 t.
1014 2877 1074 2908 XX,
1130 2883 1263 2902 GELUCCt.
1277 2877 1478 2908 op.c1·t.,tavv.
1494 2883 1543 2901 1-2.

170 2922 224 2947 001,
245 2922 307 2954 895.
897 2915 901 2918 ⁴
1217 2917 1229 2933 ³
1249 2918 1288 2942 Fu
1303 2926 1361 2943 uno
1375 2918 1420 2942 dei
1435 2919 1558 2943 cesenati
1574 2920 1706 2951 insigniti
1719 2918 1887 2944 dell’ordine
1901 2921 2027 2952 equestre

259 2962 270 2979 ²
289 2963 458 2996 Spingarda,
480 2963 626 2987 macchina
647 2962 751 2986 bellica
770 2969 786 2986 s
805 2963 887 2994 guisa
908 2962 938 2987 dt
957 2962 1071 2986 balista.
1127 2970 1141 2985 e
1162 2962 1285 2985 militare
1298 2961 1546 2993 gerosolimitano.
1586 2962 1639 2986 Era
1653 2961 1741 2985 auehe
1756 2962 1862 2987 “Prior
1889 2962 2023 2996 Venetus„

127 3012 141 3038 5
170 3007 317 3035 snum-us,
342 3006 359 3030 1.
380 3005 414 3033 ΙΙ,
436 3013 462 3038 p.
483 3014 508 3037 4,
528 3012 551 3029 c.
566 3003 599 3034 3?-
622 3004 700 3030 Cron.
719 3003 837 3033 Eume,
856 3005 886 3029 in
908 3004 986 3029 Mun.
1011 3003 1070 3028 RR.
1127 3003 1280 3035 (BnAscun
1301 3001 1445 3026 Memoriae
1468 3002 1628 3032 Caesenates,
1648 3003 1766 3034 Romae,
1789 3002 1864 3037 1738,
1884 3011 1910 3038 p.
1934 3004 2006 3038 367).

303 3119 338 3145 Τ.
358 3118 465 3144 xxvn
483 3118 627 3150 (TAM-xm
647 3118 693 3149 ΙΙ),
713 3126 739 3150 p.
759 3124 794 3142 m
816 3130 847 3136 —
869 3123 893 3149 ς.

264 3165 283 3190 l.
302 3164 320 3189 6
338 3167 420 3196 atque
439 3171 494 3188 una
516 3164 549 3193 Α,
570 3170 596 3196 p.
615 3162 658 3196 67.
679 3176 710 3180 —
733 3163 751 3187 1.
775 3169 804 3194 ¹5
826 3163 912 3195 paulo
939 3163 968 3194 T,
988 3171 1011 3187 c.
1032 3168 1091 3195 707.
1104 3175 1137 3180 —
1152 3162 1171 3187 l.
1185 3169 1217 3194 ²3
1232 3162 1266 3186 de
1281 3164 1371 3186 morte
1386 3162 1418 3193 A,
1434 3168 1460 3195 p.
1475 3160 1517 3191 68,
1530 3175 1563 3180 —
1577 3162 1596 3187 1.
1610 3169 1644 3194 39
1657 3163 1878 3188 consternuntur
1898 3164 1932 3195 A,
1946 3171 1973 3198 p.
1985 3163 2028 3197 69.

2047 397 2130 417 Medus
2151 398 2248 418 officium

2045 652 2173 675 Apparatus
2195 652 2259 676 oppi-

2057 678 2167 708 danorum
2173 678 2200 698 ad
2210 684 2258 703 ρω-

2061 708 2231 729 pugnatione-m.

2042 1147 2059 1166 Λ
2067 1146 2240 1170 septemtrione,
2247 1152 2260 1167 a

2069 1173 2172 1197 Meridie,
2182 1174 2210 1193 ab
2218 1176 2260 1193 Oc-

2073 1200 2170 1220 cideme.

2055 2116 2074 2135 Α
2089 2115 2194 2135 meridie⁴

2050 2494 2185 2520 Spingarda.

2053 2537 2165 2584 Npapolio
2187 2538 2266 2558 Tiber-

2087 2570 2119 2584 us.

2057 3013 2092 3031 10
