2388 3439
134 744 210 764 Solon.

134 797 219 817 Cornix
225 798 348 822 transfuga.

132 946 230 969 joannes
250 945 347 965 Vitelliis

161 972 250 1002 Ni'colai
266 972 344 1001 Vitelli

159 1002 331 1023 primogenitus,

376 207 424 242 22
1096 206 1337 242 :ROBERTI
1365 206 1485 243 URSI

787 384 964 416 FORTUNE
987 393 1155 416 MUTATIO
1179 394 1225 415 ET
1249 383 1392 416 CORNIX
1415 394 1636 417 TRANSFUGA
1661 393 1809 416 FACTUS.

462 469 637 501 Hactenus
661 470 686 500 si
714 470 919 511 eruptiones,
944 470 1097 505 insultus,
1127 470 1297 512 singulare
1328 475 1512 506 certamen,
1538 470 1563 500 si
1593 481 1706 514 pugne
1732 481 1848 501 omnes
1873 476 1992 502 exacte
2024 477 2221 511 pensentur,

373 523 481 563 prima
506 523 600 554 initia
626 523 772 554 obsessis
796 523 1041 555 secundissima
1066 529 1251 557 cesserunt,
1276 522 1399 565 quibus
1424 523 1559 555 fortuna
1584 524 1650 554 levi
1676 524 1756 555 flatu
1780 524 1901 560 arrisit,
1927 523 2017 559 dein,
2031 530 2066 555 ut
2090 535 2149 555 suo
2167 530 2218 556 est

372 575 544 607 mutabilis
570 577 772 619 ingenio,ac
798 577 886 617 pede
912 583 1006 608 certo
1032 587 1162 613 carenS,
1188 587 1252 608 nec
1277 588 1343 608 uno
1360 578 1441 608 flatu
1458 588 1569 608 rerum
1595 583 1764 613 contenta,
1783 588 1917 608 cursum
1935 577 2128 619 faciemque
2148 588 2220 607 mu-

371 629 464 665 tavit,
490 636 523 660 et
547 630 659 660 omnia
684 631 807 662 sensim
834 630 1020 664 declinare,
1044 636 1147 672 atque
1173 631 1353 672 oppidanis
1378 631 1412 661 in
1436 630 1586 661 deterius
1603 631 1651 662 ire
1669 630 1882 662 videbantur.
1932 630 2121 661 Humanam
2139 640 2220 662 vero
2267 629 2285 661 5

374 681 574 713 felicitatem
600 693 814 725 nequaquam
839 684 874 714 in
899 693 1014 714 eorum
1039 690 1191 715 tenorem
1217 690 1380 724 perstare,
1405 694 1472 714 non
1496 694 1586 715 nunc
1611 684 1754 724 primum
1779 694 1840 725 pro
1865 690 2040 724 comperto
2068 683 2221 715 habetur.

372 734 465 765 Nulli
492 736 580 766 enim
604 735 711 767 Solon
737 736 957 768 beatitudinis
970 743 1084 778 partes
1101 736 1283 774 tribuebat,
1302 738 1497 778 priusquam
1515 748 1533 768 e
1550 737 1618 768 vita
1636 738 1848 774 excessisset,
1866 737 1926 769 sed
1943 748 2055 768 rerum
2073 737 2221 768 omnium

375 788 448 820 fore
467 789 592 820 exitum
616 790 868 831 expectandum
893 790 1104 821 sanctissime
1130 790 1278 821 iubebat.
1326 790 1461 821 'Cornix
1485 791 1610 832 itaque,
1635 801 1736 832 quem
1768 791 1802 821 in
1819 790 1934 822 duello
1951 801 2171 833 congressum
2188 796 2222 822 et

369 841 533 872 victorem
549 842 755 883 scripsimus,
771 853 872 884 quem
886 842 1052 874 Nicolaus
1069 843 1216 874 Vite-llus
1231 854 1290 874 suo
1304 849 1448 884 sumptu,
1466 843 1533 874 suis
1545 844 1651 885 equis,
1666 854 1725 875 suo
1739 850 1906 884 apparatu
1924 843 2221 879 excellentissimo,

369 895 504 936 suisque
530 896 631 926 armis
657 896 834 929 munierat,
861 895 1105 928 beneficiorum
1130 897 1315 933 immemor,
1341 897 1494 939 trasfuga
1524 897 1634 928 factus
1663 902 1729 928 est:
1761 903 1863 939 atque
1889 897 1934 928 ita
1968 897 2060 939 quod
2091 897 2221 928 meritis
2249 896 2287 928 10

371 948 497 979 sarcire
522 948 709 982 diffidebat,
734 949 977 991 ingratitudine
1003 950 1169 990 pensavit.
1201 949 1363 990 Captioso
1389 950 1490 981 etiam
1515 956 1705 981 commento
1731 950 1857 981 veritus
1881 960 1949 982 non
1981 956 2031 981 est
2055 949 2220 981 Ioannem

371 1000 545 1037 Vitellum,
570 1001 707 1033 Nicolai
732 1001 850 1033 Vitelli
876 1002 1149 1045 primogenitum,
1175 1003 1254 1034 dolo
1287 1003 1375 1034 malo
1400 1013 1515 1034 secum
1548 1003 1582 1033 in
1613 1002 1783 1034 dicionem
1809 1003 1954 1034 hostium
1978 1002 2152 1035 abducere
2161 1014 2169 1039 3
2200 1013 2221 1033 a

373 1063 440 1094 quo
457 1053 621 1094 periculo,
639 1054 704 1085 diis
721 1055 793 1086 eius
812 1054 1081 1086 adulescentiam
1106 1055 1356 1093 adiuvantibus,
1382 1056 1437 1086 vix
1461 1055 1654 1087 subtractus
1671 1062 1738 1091 est:
1763 1055 1819 1087 ille
1837 1047 1918 1087 vero
1937 1055 2028 1087 solus
2043 1055 2089 1087 ad
2106 1055 2220 1088 hostes

370 1107 446 1137 vilis
470 1117 505 1138 se
523 1107 676 1144 contulit,
690 1107 824 1150 quibus,
849 1114 884 1139 ut
908 1109 1020 1140 carior
1043 1108 1257 1145 redderetur,
1283 1120 1342 1141 eos
1370 1108 1488 1141 docuit
1518 1108 1641 1151 quibus
1664 1110 1699 1140 in
1730 1109 1814 1141 locis
1840 1109 1976 1141 facilior
2007 1115 2099 1141 esset
2126 1108 2220 1140 urbis

368 1161 588 1202 oppugnatio,
621 1161 815 1203 civiumque
848 1162 989 1193 consilia
1022 1163 1142 1203 aperit,·
1175 1173 1308 1194 annon⁴²
1342 1163 1529 1198 caritatem,
1561 1169 1920 1205 propugnatorumque
1953 1162 2219 1205 infrequentiam
2248 1161 2285 1193 15

370 1219 495 1244 cantat.
542 1213 705 1246 Hostibus
728 1221 852 1252 tamen,
878 1215 996 1249 infami
1020 1216 1141 1258 gratia,
1168 1215 1262 1247 brevi
1288 1226 1387 1247 carus
1412 1216 1531 1253 extitit,
1556 1215 1689 1258 quibus,
1722 1227 1798 1247 cum
1817 1215 1860 1248 ob
1876 1216 2075 1247 meritorum
2107 1216 2221 1259 ingra-

367 1267 556 1303 titudinem,
589 1273 658 1298 tum
687 1267 730 1299 ob
762 1268 876 1310 lingue
901 1268 1134 1309 petulantiam,
1159 1268 1247 1300 adeo
1272 1268 1510 1300 abominabilis
1535 1269 1689 1300 redditus
1714 1275 1774 1305 est,
1800 1275 1835 1300 ut
1859 1269 2023 1310 postridie
2048 1279 2149 1311 quam
2173 1268 2218 1301 ad

369 1330 427 1351 eos
451 1320 660 1363 profugisset
684 1321 876 1357 temerarie,
901 1321 1005 1364 fugae
1030 1322 1314 1364 loquacitatisque
1340 1328 1505 1363 pertesus,
1530 1323 1673 1363 turpiter
1698 1333 1716 1353 e
1743 1322 1862 1354 castris
1887 1322 2115 1364 emigraverit.

919 1454 1007 1486 SPES
1032 1464 1294 1487 OPPIDANORUM
1319 1465 1428 1486 OMNIS
1453 1465 1490 1486 ΙΝ
1516 1464 1662 1487 PLUVIA·

458 1538 589 1570 Eodem
614 1545 767 1581 tempore
792 1539 1041 1581 oppidanorum
1065 1550 1144 1581 spes
1168 1540 1276 1571 omnis
1301 1540 1482 1572 constituta
1507 1546 1580 1572 erat
1604 1540 1638 1571 in
1663 1540 1788 1581 pluvia,
1814 1551 1891 1582 que,
1905 1540 1931 1571 si
1956 1540 2058 1583 longe
2076 1540 2213 1582 lateque
2239 1541 2282 1571 20

367 1592 614 1629 effunderetur,
648 1598 682 1624 ut
712 1593 797 1624 alias
828 1592 1059 1635 superioribus
1082 1594 1181 1624 annis
1210 1594 1410 1635 frequenter
1440 1600 1647 1627 assueverat,
1672 1593 1847 1625 Scaturius
1879 1600 2022 1630 torrens,
2046 1593 2103 1635 qui
2127 1593 2216 1625 inter

366 1646 684 1687 castra-superiora
709 1652 810 1688 atque
836 1647 1001 1678 inferiora
1026 1646 1156 1678 crebris
1180 1646 1323 1678 flexibus
1347 1647 1475 1683 defluit,
1507 1646 1595 1678 adeo
1627 1647 1844 1684 excrevisset,
1870 1653 1905 1678 ut
1936 1657 2004 1678 non
2035 1652 2215 1678 contentus

368 1698 461 1730 brevi
486 1699 596 1736 alveo,
609 1700 739 1732 vicinos
764 1700 868 1732 saltus
892 1710 1010 1732 omnes
1034 1699 1250 1732 inundas'set.
1297 1700 1397 1732 Tunc
1423 1701 1512 1732 omni
1531 1707 1730 1742 erumpente
1756 1700 1881 1742 populo
1897 1699 1964 1731 'aut
1981 1700 2015 1731 in
2032 1700 2094 1731 hos
2109 1705 2167 1731 aut
2182 1700 2218 1731 in

367 1752 453 1789 illos,
477 1763 692 1795 nequaquam
718 1754 882 1795 potuisset
905 1754 992 1785 alter
1015 1754 1112 1785 alteri
1139 1764 1238 1795 opem
1263 1760 1426 1798 prestare,
1452 1764 1519 1795 quo
1543 1754 1653 1784 minus
1676 1753 1721 1785 ad
1736 1764 1838 1785 unum
1855 1753 2086 1795 diriperentur
2117 1753 2220 1785 cede-

367 1811 561 1847 renturque.
608 1806 758 1849 Tyberis
781 1818 917 1849 quoque
935 1807 1101 1838 adauctus
1118 1807 1306 1838 identidem
1323 1807 1449 1838 auxilio
1467 1818 1540 1838 esse
1558 1806 1787 1848 prohibuisset
1813 1807 1865 1838 his
1894 1807 1952 1848 qui
1970 1806 2014 1838 ad
2038 1806 2223 1852 presidium
2248 1805 2288 1837 25

368 1859 402 1889 in
435 1859 522 1890 colle
554 1859 624 1891 divi
656 1859 782 1902 Angeli
808 1859 1029 1892 tenebantur:
1054 1866 1156 1902 atque
1182 1861 1227 1891 ita
1254 1860 1427 1896 facillime,
1453 1860 1615 1903 singulari
1643 1859 1813 1891 beneficio
1838 1860 1965 1903 pluvie,
1983 1860 2017 1890 in
2034 1860 2223 1901 oppidano-

369 1923 441 1943 rum
467 1912 609 1953 predam
634 1919 757 1944 cuncta
783 1914 978 1945 cessissent:
1012 1913 1108 1944 fuere
1142 1924 1224 1956 ergo
1257 1913 1450 1954 complures
1482 1914 1573 1954 apud
1605 1913 1789 1944 Nicolaum
1823 1913 1998 1949 vitellum,
2023 1913 2091 1954 qui,
2119 1913 2221 1944 certis

366 1964 573 1996 carminibus
597 1972 631 1997 et
656 1965 861 2007 quibusdam
887 1965 1192 2008 superstitionibus,
1217 1965 1346 1998 subitos
1371 1965 1506 2003 imbres,
1535 1967 1768 2007 maximasque
1801 1966 1933 2007 pluvias
1964 1965 2219 2007 pollicerentur.

367 2018 407 2050 Id
433 2018 566 2050 facinus
591 2019 647 2051 ille
672 2025 742 2051 tum
766 2019 952 2056 abhorruit,
984 2026 1053 2051 tum
1079 2020 1179 2051 etiam
1205 2026 1384 2051 execratus
1408 2026 1469 2056 est,
1502 2020 1582 2051 satis
1607 2020 1766 2061 inquiens
1791 2020 1874 2051 deos
1891 2018 1989 2050 nobis
2006 2019 2109 2050 iratos
2134 2029 2219 2055 esse,

366 2082 433 2103 non
457 2071 535 2103 ideo
560 2082 647 2104 nova
672 2073 845 2114 impietate
871 2073 1012 2104 ulterius
1036 2072 1265 2104 lacessendos.
1313 2072 1426 2104 Tanta
1450 2083 1510 2114 spe
1535 2072 1686 2104 destituti
1701 2072 1875 2114 oppidani,
1892 2073 1958 2103 iam
1979 2072 2041 2103 sibi
2059 2071 2143 2104 deos
2158 2071 2219 2104 ad·
2243 2072 2284 2103 30

367 2135 492 2162 versos,
506 2124 726 2168 hostibusque
752 2126 952 2162 fortunatos,
976 2126 1126 2167 apertius
1151 2125 1356 2157 fatebantur.

896 2259 1026 2291 VARIA
1051 2269 1209 2292 MILITUM
1233 2269 1432 2291 EXERCITIA
1458 2270 1494 2291 IN
1523 2269 1682 2291 CASTRIS.

454 2343 583 2381 Milites
606 2345 769 2386 vero3qui
793 2344 967 2382 incastris
984 2350 1091 2381 erant,
1112 2355 1224 2386 neque
1249 2344 1431 2376 demonum
1457 2355 1568 2386 neque
1593 2344 1694 2376 deum
1719 2350 1912 2386 respectum
1938 2343 2114 2381 habentes,
2131 2350 2215 2376 tem-

356 2397 458 2438 ›psris
481 2398 665 2429 serenitate
679 2397 851 2440 gaudent,
866 2404 900 2429 et
911 2396 1091 2429 arboribus
1105 2398 1264 2440 regionis,
1281 2404 1348 2429 tam
1365 2397 1576 2429 silvestribus
1593 2408 1693 2440 quam
1711 2398 1917 2434 domesticis,
1934 2398 2001 2429 late
2020 2397 2214 2433 devastatis,

129 2554 224 2577 Cesena.
234 2555 343 2578 Piranum,
355 2575 364 2580 Δ,

159 2581 248 2601 Perusia
265 2582 343 2604 Roma.

159 2607 232 2627 Moles
258 2608 345 2628 hadria-

156 2634 187 2653 ni.
354 2644 358 2645 ν

132 2671 212 2690 Novus
221 2670 299 2691 modus
310 2678 341 2691 re-

155 2698 270 2717 staurandi
298 2698 341 2718 sos-

155 2730 192 2743 sas
205 2724 308 2746 siccatas.

358 2461 464 2481 areas
487 2457 623 2494 equant,
641 2450 797 2493 frugibus
814 2451 1001 2492 complent,
1012 2450 1129 2487 aedes,
1146 2451 1291 2493 tuguria,
1315 2451 1586 2493 munitionesque
1613 2457 1744 2492 parant,
1769 2461 1943 2492 novasque
1961 2451 2033 2482 vias
2049 2451 2093 2482 ad
2111 2461 2215 2492 equo-
2239 2451 2279 2481 35

367 2514 440 2536 rum
461 2503 737 2539 discurrentium
775 2503 1010 2547 benigniorem
1046 2504 1309 2545 oportunitatem
1338 2510 1502 2540 sternunt,
1534 2510 1702 2535 tormenta
1734 2505 1842 2535 omnis
1873 2504 2020 2546 generis,
2054 2504 2214 2545 varieque

367 2556 621 2599 magnitudinis,
646 2557 784 2588 trahunt
812 2568 854 2588 ex
878 2556 1022 2593 Cesena,
1048 2555 1177 2593 Phano,
1202 2555 1353 2593 Perusia,
1377 2563 1479 2598 atque
1504 2557 1616 2588 Roma
1645 2568 1687 2588 ex
1717 2557 1805 2588 mole
1831 2557 1900 2588 divi
1926 2556 2103 2588 Hadriani.
2148 2556 2215 2587 La—

358 2609 469 2650 -pides
492 2610 712 2651 inproximis
736 2609 906 2641 montibus
931 2615 1062 2646 eruunt,
1079 2609 1167 2650 pilas
1183 2610 1419 2641 tormentarias
1437 2609 1617 2641 fabricant.
1664 2609 1838 2651 Oppidani
1863 2616 1976 2641 autem
2000 2608 2215 2641 animadver-

365 2669 475 2695 tentes
493 2663 658 2706 Tyberim
683 2674 789 2706 usque
815 2674 856 2695 eo
881 2664 1079 2695 exhaustum
1106 2674 1190 2699 esse,
1208 2669 1243 2695 ut
1259 2663 1419 2705 qualibet'
1437 2664 1510 2695 fere
1530 2664 1646 2695 vadari
1664 2670 1789 2705 posset,
1803 2670 1836 2695 et
1854 2664 1963 2696 fossas
1986 2663 2079 2695 urbis
2095 2664 2213 2696 itidem

368 2716 540 2758 plerisque
571 2717 607 2748 in
634 2717 719 2749 locis
750 2717 922 2749 exiccatas
943 2723 981 2748 et
1004 2716 1148 2748 subinde
1182 2716 1299 2747 urbem
1332 2716 1500 2748 redditam
1533 2716 1745 2753 debiliorem,
1778 2717 2044 2748 sollertissimum
2076 2717 2212 2749 Nicolai
2238 2717 2279 2758 40

366 2768 484 2801 Vitelli
510 2769 688 2805 consilium
713 2770 831 2806 secuti,
856 2781 898 2801 ex
923 2770 1033 2811 puteis
1046 2769 1203 2811 publicis,
1220 2780 1362 2811 quorum
1380 2769 1506 2801 ibidem
1523 2780 1666 2812 magnus
1691 2776 1741 2802 est
1765 2781 1936 2806 numerus
1960 2769 2091 2811 absque
2117 2770 2210 2802 cuiu-

368 2822 476 2863 spiam
498 2822 630 2854 iact-ura
654 2823 708 2854 vel
733 2823 960 2860 incommodo,
986 2833 1047 2864 per
1071 2823 1224 2855 declives
1240 2823 1330 2854 rivos
1346 2828 1471 2854 tantam
1501 2833 1664 2864 aquarum
1683 2823 1817 2864 copiam
1834 2822 1890 2854 die
1906 2822 2212 2864 noctuquediver-

355 2881 450 2912 tunt,
475 2881 512 2907 ut
535 2875 647 2907 fossae
672 2876 809 2919 fastigia
834 2876 878 2908 ad
902 2887 1067 2908 summum
1092 2881 1351 2920 exgquarentur.
1398 2875 1437 2907 Id
1462 2886 1555 2912 sane,
1568 2876 1649 2908 licet
1673 2876 1716 2907 ab
1733 2876 1828 2907 initio
1845 2876 1879 2907 in
1897 2887 2019 2907 vanum
2037 2882 2070 2907 et
2086 2876 2121 2906 in
2137 2875 2211 2906 irri-

130 2970 227 2996 Querelg
247 2970 341 2996 oppida-

156 3003 244 3018 norum.

299 3104 355 3130 1.8

358 2934 442 2965 -tum
466 2929 595 2960 revolvi
620 2940 641 2960 a
662 2929 776 2961 multis
801 2929 1011 2966 crederetur,
1043 2935 1163 2971 postea
1186 2935 1310 2965 tamen,
1327 2939 1396 2960 non
1413 2929 1484 2959 sine
1510 2929 1654 2970 plurima
1679 2929 1827 2969 amnium
1851 2929 2086 2965 admiratione,
2102 2939 2211 2960 reme-

367 2981 459 3013 dium
485 2981 632 3013 salutare
657 2981 819 3020 exhibuit.
866 2981 933 3014 Per
957 2982 993 3014 id
1017 2988 1160 3024 tempu8‚
1187 2981 1506 3024 ingravescentibus
1530 2982 1564 3013 in
1588 2982 1662 3014 dies
1692 2981 1970 3024 publiciskmalis,
1994 2981 2120 3023 plebei,
2150 2981 2208 3024 qui
2235 2980 2274 3012 45

374 3104 486 3136 Coa-nix
505 3105 535 3135 A,
556 3114 581 3137 p.
602 3111 644 3138 55.
660 3120 697 3131 ⁷-
718 3107 736 3131 1.
756 3113 787 3138 23
804 3108 866 3131 -set.
880 3131 881 3134 ,
897 3106 977 3133 Tunc
1004 3107 1033 3136 T,
1054 3114 1076 3130 c.
1093 3112 1151 3139 700.
1166 3120 1198 3124 -—
1214 3106 1232 3130 l.
1247 3112 1288 3139 ²3·
1302 3107 1394 3131 autin
1408 3106 1459 3130 hos
1473 3107 1506 3136 A,
1520 3114 1547 3139 p.
1562 3105 1604 3139 56.
1619 3118 1650 3124 —
1662 3106 1680 3130 l.
1695 3114 1728 3139 39
1743 3106 1799 3130 sere
1814 3106 1910 3132 vadari
1924 3105 1958 3135 Α,
1970 3113 1996 3139 p.
2013 3112 2052 3138 57.
