2388 3439
718 202 787 236 DE
816 199 1096 235 OBSIDIONE
1124 197 1515 234 TIPHERNATUM
1991 194 2033 234 17

190 327 300 359 celum
326 337 424 359 omne
450 327 484 358 in
508 325 641 367 pluvias
665 324 811 356 effusum
845 322 1028 357 videretur,
1066 328 1177 353 tantus
1209 328 1323 353 tamen
1347 322 1381 351 in
1409 320 1520 352 reditu
1547 320 1684 351 victoris
1716 319 1849 350 obviam
1874 329 2034 350 accursus
2061 317 2274 365 P¹3f“ggflr¹ji¹23¹sfdff·

191 380 264 417 fuit,
289 390 357 422 qua
380 380 444 411 iter
471 378 645 411 habiturus
670 383 753 414 erat,
778 377 966 412 mulierum,
984 376 1211 416 iuvenumque
1237 385 1422 416 senumque
1447 373 1737 415 applaudentium,
1752 379 1787 404 ut
1804 373 1858 403 vix
1883 371 2037 404 redeunti

188 434 223 465 in
246 433 360 465 media
385 433 438 464 via
463 433 557 464 locus
574 437 723 473 pateret:
742 437 808 462 tam
826 428 1017 461 incredibili
1038 429 1143 460 letitia
1161 439 1278 459 omnes
1294 427 1472 463 affecerat,
1489 438 1631 469 quorum
1656 426 1807 458 nonnulli
1834 436 1914 467 prae
1940 424 2038 456 turba

189 487 261 519 elisi
287 493 373 518 sunt.
421 486 470 517 Ea
495 496 549 517 res
566 495 672 527 usque
690 484 777 516 adeo
795 490 925 515 mentes
942 482 1190 524 oppidanorum
1216 482 1333 517 erexit,
1357 487 1390 513 ut
1414 481 1508 523 quasi
1535 480 1728 523 presagium
1754 479 1866 511 future
1883 478 2037 510 instantis

190 539 270 572 belli
289 539 452 571 victoriae
477 544 669 580 caperetur.

369 650 512 682 TURRIS
536 657 677 680 MUNJTA
704 657 751 679 AB
776 657 944 679 HOSTIBUS
970 656 1018 678 ΑΙ)
1042 656 1266 678 ERUPTIONES
1291 655 1552 677 OPPIDANORUM
1577 653 1861 675 COMPESCENDAS.

278 736 328 769 Eo
343 736 491 768 feliciter
507 735 668 768 confecto
686 735 834 777 negotio,
852 733 1042 775 eodemque
1060 732 1306 774 propemodum
1324 739 1488 773 tempore,
1506 731 1620 762 hostes
1636 731 1670 761 in
1687 730 1776 762 clivo
1792 730 1880 761 inter
1898 735 2039 770 utraque

189 796 301 821 castra
325 789 438 822 medio
462 789 579 821 turrim
604 789 768 825 muniunt,
793 794 862 820 tum
886 788 931 819 ad
957 787 1152 828 eruptiones
1178 786 1374 821 frenandas,
1399 792 1468 817 tum
1494 791 1529 816 ut
1555 784 1690 816 facilius
1714 788 1954 815 succurrerent
1978 781 2040 817 his,

139 866 142 867 ν
189 843 246 885 qui
272 853 313 875 eo
337 843 373 875 in
404 843 480 875 loco
511 842 556 874 ab
587 842 768 885 oppidanis
800 841 1054 873 invaderentur.
1103 840 1201 872 Hanc
1233 851 1275 871 ex
1299 839 1482 881 improviso
1514 838 1642 870 obsessi
1667 837 1843 873 invadunt,
1876 835 2039 877 brevique

127 895 165 927 10

123 1162 160 1194 15

123 1431 164 1462 20

122 1700 162 1731 25

122 1969 164 2001 30

132 2837 163 2854 10

189 906 313 939 magna
337 896 456 939 preda,
480 896 661 938 multisque
687 896 889 931 interfectis,
914 900 1112 937 expugnant
1136 900 1170 925 et
1194 893 1392 929 incendunt,
1417 903 1494 924 mox
1518 890 1683 923 ambobus
1700 890 1820 923 castris
1833 889 2037 922 tumultuan-

189 949 294 986 tibus;
312 961 349 981 re
374 949 462 983 bene
487 957 595 993 gesta,
620 961 694 982 sese
720 951 755 981 in
779 949 898 981 urbem
923 949 1103 990 recipiunt.
1150 947 1306 979 Hostium
1338 957 1419 978 vero
1452 946 1558 978 duces
1589 951 1692 987 atque
1725 943 1860 980 tribuni,
1885 953 1953 975 non
1980 952 2041 983 po-

188 1009 300 1036 terant
324 1014 392 1036 non
415 1004 575 1036 admirari
601 1004 792 1046 oppidanos
816 1004 852 1035 in
876 1002 1031 1035 omnibus
1055 1002 1178 1044 pugnis
1195 1011 1374 1042 superesse
1399 1000 1556 1037 victores,
1582 1005 1616 1031 et
1639 998 1683 1030 ob
1707 997 1743 1030 id
1756 1008 1824 1029 non
1840 996 1978 1033 audent,
1994 994 2039 1027 ad

189 1057 376 1089 evertenda
401 1058 494 1089 urbis
524 1057 647 1095 menia,
679 1057 819 1099 propius
844 1062 1013 1089 tormenta
1044 1055 1240 1087 admovere.
1287 1053 1368 1091 Sed,
1401 1064 1444 1085 ne
1469 1059 1602 1094 tempus
1637 1052 1807 1084 incassum
1842 1056 1954 1083 terere
1986 1059 2039 1080 ar-

186 1116 344 1153 guantur,
369 1122 389 1142 a
413 1110 575 1149 meridie‚'
599 1111 634 1143 in
659 1110 766 1143 arduo
784 1110 883 1147 colle,
901 1109 969 1142 duo
986 1109 1131 1140 maxima
1157 1120 1198 1140 ex
1215 1108 1352 1140 metallo
1378 1112 1545 1139 tormenta
1570 1106 1751 1142 collocant,
1768 1114 1836 1136 non
1852 1103 1928 1145 plus
1944 1102 2041 1145 quin-

184 1164 297 1207 gentis
320 1164 364 1196 ab
388 1164 472 1197 urbe
497 1164 663 1206 passibus,
688 1163 812 1206 quibus
837 1174 905 1195 non
929 1163 1052 1199 menia,
1078 1161 1139 1194 sed
1163 1162 1289 1203 passim
1313 1161 1522 1202 privatorum
1547 1158 1652 1191 aedes
1676 1164 1847 1200 tectaque,
1872 1166 1940 1199 quo
1963 1165 2036 1187 sors

186 1217 393 1261 fortunaque
418 1219 559 1253 tulisset,
585 1219 723 1255 feriunt,
749 1224 783 1250 et
807 1217 1082 1260 frequentissime
1112 1217 1254 1248 deorum
1279 1215 1417 1256 templa,
1442 1225 1585 1256 quorum
1617 1223 1716 1244 nemo
1741 1211 1897 1243 immunis
1922 1209 2041 1245 extitit,

187 1271 320 1304 nefarie
337 1272 576 1309 dehonestant,
595 1283 780 1314 eorumque
798 1270 996 1303 veneranda
1013 1270 1194 1301 simulacra
1211 1280 1253 1300 ex
1269 1269 1337 1299 aris
1353 1267 1547 1300 deturbant.
1585 1266 1659 1298 Hoc
1677 1266 1791 1308 itaque
1809 1270 1921 1306 pacto,
1935 1262 2042 1295 tribus

187 1324 332 1357 diversis
355 1326 391 1358 in
415 1326 612 1369 regionibus
636 1325 828 1367 oppidanos
852 1330 986 1368 urgent,
1013 1330 1116 1355 noctu
1133 1323 1271 1365 diuque,
1296 1328 1416 1354 contra
1441 1321 1488 1352 rei
1514 1320 1669 1352 militaris
1685 1319 1847 1355 instituta,
1886 1328 1952 1359 que
1970 1316 2041 1347 fieri

188 1379 298 1411 noctis
314 1386 469 1421 tempore
487 1379 678 1412 huiusmodi
697 1378 891 1421 prohibent.
925 1377 1148 1419 Quapropter
1164 1375 1317 1408 nonnulli
1342 1385 1411 1406 non
1427 1374 1572 1415 amplius
1589 1372 1821 1405 differendum
1839 1375 2043 1413 putaverunt

187 1432 270 1474 quin
293 1433 406 1465 omnia
431 1439 465 1465 et
488 1433 523 1465 in
547 1433 623 1465 illos
648 1432 894 1475 excogitarent,
911 1437 946 1463 et
970 1430 1022 1462 his
1045 1430 1125 1462 ideo
1150 1430 1257 1460 visum
1283 1434 1334 1460 est
1357 1427 1489 1469 spicula
1513 1427 1657 1458 telorum
1674 1425 1718 1457 ab
1735 1424 1916 1467 oppidanis
1944 1423 2040 1454 emit·
2064 1420 2279 1472 ⁵¹³cifss¹‘'¹.i¹‹i'1¹‚ri‚'¹ii{'.

189 1485 303 1523 tenda,
328 1497 462 1518 veneno
486 1486 579 1518 infici
603 1485 751 1518 debere:
775 1496 918 1528 quorum
940 1484 1144 1516 sententiam
1160 1482 1326 1514 Nicolaus
1355 1481 1509 1517 vitellus,
1525 1486 1562 1512 ut
1588 1480 1802 1511 inhonestam
1819 1485 1921 1519 atque
1947 1476 2044 1508 inhu-
2094 1475 2279 1521 {ffitjffiffwffl0

188 1551 333 1576 manam,
347 1540 568 1581 compescuit,
594 1546 630 1571 ut
653 1538 852 1572 ostenderet
875 1538 919 1570 de
945 1537 1146 1570 fortitudine
1171 1536 1356 1572 dumtaxat,
1381 1545 1450 1566 non
1466 1533 1510 1566 de
1528 1533 1701 1569 scaevitia‚
1726 1542 1826 1574 quam
1844 1531 1910 1563 illis
1923 1540 2044 1571 expro-

188 1593 326 1630 babant,
351 1593 440 1625 velle
465 1592 687 1625 contendere.
718 1591 853 1624 Maiora
877 1592 942 1623 hec
967 1596 1064 1623 erant
1088 1595 1266 1626 tormenta,
1298 1599 1398 1630 quam
1423 1587 1547 1630 quibus
1573 1586 1687 1618 adhuc
1713 1586 1762 1617 usi
1792 1585 1945 1620 fuissent,
1976 1594 2043 1625 que

189 1648 292 1679 nostri
311 1647 413 1691 vulgo
431 1646 636 1679 bombardas
647 1646 656 1663 ¹
673 1646 867 1688 appellant;
895 1646 982 1687 pilas
999 1644 1149 1687 grandes
1166 1649 1200 1675 et
1215 1642 1380 1675 rotundas
1398 1640 1516 1673 'solido
1532 1640 1576 1672 de
1602 1650 1769 1671 marmore
1786 1644 1880 1671 tanto
1902 1638 2041 1669 eiiciunt
2066 1626 2279 1677 B‘isssslimdiiiiaruiss

187 1701 326 1742 impetu,
351 1707 387 1733 ut
410 1701 445 1732 in
469 1700 625 1733 omnibus
649 1711 738 1741 pene
764 1699 901 1742 fulgura
924 1699 1107 1735 imitentur,
1138 1697 1277 1739 ictuque
1311 1706 1371 1727 suo
1402 1695 1514 1726 menia
1538 1694 1592 1726 vel
1618 1692 1825 1725 validissima
1852 1697 2043 1727 conterunt,
2092 1679 2188 1704 ⁹⁰¹¹d¹¹⁵'

188 1754 410 1791 labefactant,
435 1754 675 1786 demoliuntur.
706 1752 858 1784 Minimis
888 1751 991 1784 rebus
1015 1757 1083 1783 tam
1108 1751 1309 1782 fulmineum
1334 1749 1386 1780 his
1410 1747 1514 1780 robur
1538 1748 1649 1784 datur,
1674 1745 1824 1778 carbone
1856 1744 2030 1786 pulvereo,
2054 1742 2276 1794 C³¹g¹1³g³r=umf⁸¹i¹g¹¹l¹i¹gff

188 1808 318 1840 sulfure
345 1818 387 1840 ac
404 1808 503 1845 nitro,
521 1808 624 1840 certis
641 1805 862 1849 ponderibus,
879 1806 959 1849 igne
985 1811 1061 1847 post
1085 1804 1172 1836 haec
1189 1803 1337 1840 admoto,
1354 1803 1443 1834 nitro
1468 1801 1601 1833 scilicet
1625 1800 1720 1832 libris
1744 1799 1861 1836 tribus,
1879 1798 2042 1839 sulphure

187 1861 330 1898 duabus,
347 1867 381 1893 et
398 1860 547 1893 carbone
565 1861 740 1893 dumtaxat
757 1870 840 1891 una:
857 1858 950 1902 quod
974 1857 1177 1890 incredibile
1203 1857 1312 1889 videri
1338 1861 1463 1897 posset,
1488 1855 1550 1886 nisi
1576 1854 1621 1886 ad
1645 1853 1779 1885 oculum
1806 1852 1873 1883 late
1898 1857 2041 1893 pateret.

186 1914 402 1947 Marmoreae
428 1914 496 1959 pile
520 1913 565 1945 ab
590 1914 642 1945 his
666 1914 798 1945 eiectae
823 1912 938 1954 pondo
964 1918 1061 1943 erant
1092 1910 1254 1942 librarum
1285 1915 1527 1942 trecentarum,
1559 1907 1714 1950 quamvis
1738 1906 1805 1937 alia
1838 1905 1939 1937 etiam
1971 1915 2041 1935 ma-

187 1969 286 2000 xima'
318 1969 384 2001 sint
408 1968 531 2005 effusa,
555 1966 679 2010 quibus
703 1967 772 2012 pilg
795 1965 958 2008 ponderis
983 1964 1145 1997 librarum
1170 1964 1432 2006 quingentarum
1457 1967 1611 1994 rotantur
1636 1966 1669 1992 et
1686 1965 1939 2001 extorquentur.

448 2096 586 2129 NOVUM
610 2105 837 2128 COM‘MENTUM
861 2103 1143 2126 BOMBARDARUM
1162 2101 1483 2128 LITTERARUMQUE
1507 2099 1763 2122 IMPRESSARUM
1777 2088 1798 2119 2·

278 2186 471 2218 Humanum
496 2186 654 2227 profecto
678 2185 863 2228 ingenium,
880 2195 922 2216 ex
939 2183 1044 2215 multa
1067 2193 1180 2214 rerum
1205 2181 1418 2224 experientia
1442 2179 1641 2222 sollertique
1666 2177 1788 2215 studio,
1805 2188 1860 2209 res
1884 2187 1989 2209 novas
2004 2176 2040 2207 in

189 2240 264 2272 dies
288 2239 430 2281 profert,
455 2237 743 2281 quemadmodum
774 2238 809 2269 in
832 2237 1038 2279 impressura
1070 2236 1258 2267 litterarum
1290 2245 1400 2276 nuper
1432 2243 1575 2265 cernere
1601 2232 1653 2263 fas
1685 2231 1765 2267 fuit3
1790 2241 1891 2273 quam
1923 2240 2039 2261 omnes

189 2293 340 2330 laudant,
365 2292 530 2325 extollunt
555 2298 589 2323 et
612 2292 832 2328 admirantur,
858 2290 954 2322 cuius
978 2295 1170 2322 commento
1195 2299 1262 2320 una
1286 2288 1343 2320 die
1367 2299 1387 2319 a
1411 2286 1597 2330 recognitis
1622 2283 1872 2326 exemplaribus
1888 2283 1964 2325 plus
1980 2283 2041 2314 im-

277 2443 284 2461 ¹
304 2445 439 2476 Tmasm,
453 2445 563 2469 Lenem
581 2445 610 2468 in
625 2444 800 2468 Arpmtmce
815 2451 841 2468 n.
854 2443 888 2468 ΙΙ.
909 2444 951 2467 Da
981 2444 993 2455 ‘¹
1005 2443 1084 2467 omni
1138 2442 1235 2466 tonius
1250 2441 1393 2465 Orlandus
1407 2441 1479 2464 hanc
1493 2439 1527 2464 ad
1543 2439 1721 2463 medictatem
1736 2437 1841 2462 saeculi
1857 2436 1962 2469 pariter
1976 2435 2039 2459 XV.
2071 2442 2098 2468 15

188 2488 306 2512 “banda
338 2495 425 2512 erano
457 2487 587 2519 piantate
618 2486 830 2511 terribilissime
865 2485 1019 2510 bombardc
1051 2485 1084 2509 dc
1139 2484 1191 2508 Sed
1212 2484 1299 2508 Ursus
1320 2484 1414 2507 noster
1440 2483 1534 2506 ambas
1555 2482 1589 2506 ad
1615 2481 1681 2505 hace
1707 2482 1843 2512 tempora.
1864 2478 1938 2510 quod
1966 2478 2037 2501 mihi

191 2531 294 2555 “omni
316 2530 450 2560 inanima,
469 2529 495 2553 le
515 2528 591 2561 quali
613 2536 670 2553 non
697 2529 759 2553 solo
785 2528 821 2553 ad
847 2528 867 2552 li
897 2536 975 2552 mura
1001 2528 1034 2552 dc
1057 2528 1084 2551 la
1140 2526 1229 2558 magis
1249 2526 1364 2550 arridet.
1402 2525 1501 2549 Exstat
1515 2523 1639 2548 eiusdem
1654 2530 1774 2552 carmen,
1794 2521 1840 2545 cui
1862 2520 1977 2544 titulus:
1997 2520 2038 2543 De

191 2570 272 2598 “citt-²1
294 2573 434 2599 serivano.
456 2579 500 2596 ma
520 2569 549 2595 di
570 2573 597 2596 et
618 2572 702 2596 nocte
722 2571 879 2595 trahevano
906 2578 954 2602 per
980 2570 1007 2594 la
1027 2568 1085 2594 cita
1140 2568 1260 2591 mirabili
1272 2568 1375 2600 opificio
1389 2567 1542 2591 litterarum
1552 2569 1717 2597 pressorum,
1738 2564 1818 2588 cuius
1832 2566 1914 2587 tenor
1928 2564 1983 2586 est:

191 2616 203 2628 ‘¹
216 2622 264 2647 per
283 2616 369 2642 tutto,
395 2616 423 2638 et
451 2614 543 2637 secero
566 2613 763 2637 inextimabili
789 2612 878 2636 (lanni
904 2612 1024 2636 intorno
1051 2612 1084 2635 ad
1174 2609 1268 2633 Laetor
1285 2617 1341 2642 ego,
1360 2612 1385 2633 et
1404 2616 1502 2631 mecum
1518 2608 1616 2639 plausu
1635 2607 1738 2630 stremit
1756 2605 1826 2629 Itala
1845 2604 1934 2631 tellus,

191 2657 244 2681 “la
269 2653 328 2680 cita
354 2664 367 2679 e
394 2663 442 2687 per
463 2655 492 2679 lo
511 2654 652 2683 contado;
673 2653 687 2679 ‘e
707 2661 772 2678 cosa
791 2654 930 2678 horribile
954 2653 973 2677 li
996 2653 1085 2677 dauni
1211 2652 1279 2675 Prae
1298 2653 1394 2679 nimia,
1414 2659 1480 2681 quae
1499 2650 1582 2674 omnis
1598 2649 1692 2681 gestio,
1713 2648 1822 2672 laetitia.
2066 2656 2098 2673 20

191 2700 204 2712 ¹¹
217 2700 266 2724 che
288 2699 380 2723 secero
393 2700 422 2723 et
434 2699 527 2731 guasti
543 2698 576 2721 de
596 2697 699 2730 palazi,
713 2703 775 2721 case
793 2698 820 2721 et
840 2697 1017 2729 possessioni
1037 2697 1085 2719 che
1177 2695 1284 2717 Gemma
1304 2695 1373 2716 diem
1384 2693 1510 2724 faustum
1530 2695 1599 2715 notet
1618 2691 1688 2714 hunc
1707 2690 1776 2714 milui
1794 2690 1893 2716 bzctm:
1913 2688 2018 2719 quando

190 2744 202 2756 ⁴⁴
216 2741 231 2766 'e
253 2749 308 2766 una
331 2738 409 2773 pieta
435 2740 468 2764 ad
489 2741 587 2765 vedere
599 2758 622 2770 „.
652 2740 674 2763 11
694 2739 803 2764 Tiberti
826 2739 854 2763 fu
875 2747 912 2763 un
934 2740 1086 2763 tcstimone
1212 2736 1311 2759 Littera
1331 2735 1489 2766 temporibus
1503 2737 1594 2766 pressa
1613 2735 1716 2764 reperta
1736 2733 1807 2756 meis.

189 2784 310 2809 oculare.
1177 2779 1313 2810 Ingeniosa
1334 2785 1411 2800 novas
1432 2777 1577 2800 Germania
1596 2775 1694 2806 reperit
1713 2777 1788 2797 artes.

277 2825 288 2842 ²
306 2826 465 2858 Scriptores
486 2825 560 2849 inter
574 2832 602 2848 se
622 2826 749 2857 pugnant
766 2824 796 2847 in
817 2823 998 2848 stabiliendis
1012 2831 1087 2847 com-
1215 2821 1281 2850 Quis
1300 2820 1372 2843 labor
1390 2822 1426 2842 est
1438 2818 1520 2849 fessis
1539 2818 1658 2849 demptus
1676 2817 1708 2840 ab
1727 2816 1857 2845 articulis,

191 2869 293 2894 mentis
312 2868 417 2893 artium
442 2866 681 2892 conficiendarum
706 2865 933 2895 bombardarum,
959 2868 985 2890 et
1005 2868 1087 2898 typo·
1182 2863 1244 2886 Vidi
1261 2863 1328 2894 ipse,
1346 2864 1371 2884 et
1386 2861 1491 2893 gemino
1510 2867 1578 2890 quae
1597 2862 1682 2890 nuper
1702 2858 1801 2881 lumine
1819 2858 1883 2885 vidi,
2067 2865 2096 2890 25

189 2911 334 2945 graphiae.
372 2910 491 2934 Ioannes
512 2909 681 2933 Dominicus
701 2908 862 2932 Musantius
882 2907 1032 2932 secundam
1052 2907 1086 2931 ad
1213 2905 1314 2928 Haereo
1334 2911 1397 2927 num
1416 2906 1513 2926 certam
1532 2903 1587 2925 sint
1605 2901 1730 2924 habitura
1743 2901 1835 2932 fidem.

191 2953 332 2979 saeculum
352 2952 492 2977 decimum
512 2952 644 2983 quintum
665 2952 825 2983 vergentem
845 2950 954 2979 differt3
968 2950 1087 2982 primam
1177 2948 1313 2979 Imprimit
1332 2954 1386 2969 una
1406 2946 1461 2968 dies
1479 2945 1547 2968 anni
1564 2946 1662 2975 quanto
1681 2951 1726 2966 nec
1744 2943 1870 2966 scribitur
1888 2950 1964 2971 anno,

192 3003 260 3020 vero
279 2995 315 3019 ad
335 3001 441 3019 annum
463 3000 531 3026 1440
544 3000 592 3017 seu
611 2999 686 3026 1452.
725 2992 828 3016 Verum
847 2991 1015 3024 Peregrinus
1029 2991 1088 3014 An-
1219 2989 1277 3013 Una
1296 2989 1350 3011 dies
1368 2988 1437 3011 armi
1452 2989 1580 3018 supputat
1597 2988 1654 3009 arte
1674 2992 1766 3009 moras.

282 3110 300 3134 1.
324 3117 353 3142 ¹4
374 3111 403 3134 ln
424 3109 512 3134 arduo
532 3109 562 3140 A,
583 3116 610 3142 p.
630 3116 672 3141 ⁴4·
693 3122 723 3125 —
745 3108 764 3132 1.
791 3114 822 3140 ²4
849 3107 944 3132 solido
977 3108 1006 3137 T,
1032 3115 1053 3130 c.
1080 3105 1140 3138 693.
1162 3119 1193 3122 -
1215 3105 1232 3128 l.
1254 3111 1288 3138 30
1307 3103 1366 3128 sint
1386 3103 1420 3133 A,
1441 3110 1467 3134 p.
1483 3109 1526 3136 45.
