2388 3439
755 191 825 226 DE
853 189 1133 226 OBSIDIONE
1162 189 1557 226 TIPHERNATUM
2032 192 2074 228 15

794 358 1031 390 CREDUMTAS
1055 368 1101 390 ET
1126 368 1341 390 INDIGNATIO
1366 368 1513 390 LEGATI-

311 444 361 476 Eo
393 444 427 475 in
458 450 547 476 statu
572 454 683 475 rerum
709 443 841 485 legatus
866 443 950 484 ipse,
975 442 1077 474 rebus
1102 443 1297 484 nuperrime
1325 443 1369 474 ab
1401 454 1442 475 eo
1473 444 1578 487 gestis
1610 444 1702 485 apud
1734 444 1923 476 Tudertum
1956 444 2077 485 Spole-

221 504 359 539 tumque
396 508 464 529 non
495 497 578 529 nihil
615 497 734 531 elatus.
768 496 865 528 huius
898 497 999 527 etiam
1033 497 1197 538 potiundo,
1230 497 1386 538 cupidus,
1419 497 1559 529 moleste
1594 497 1728 529 ferebat
1760 497 1882 529 hocin
1908 498 1994 533 loco,
2027 504 2074 530 tot

223 551 346 593 pugnis
371 550 596 582 tumultuariis
619 556 721 592 atque
739 550 879 591 proeliis
895 550 1123 591 diuturnaque
1142 560 1235 581 mora
1252 550 1413 581 distrahi:
1439 557 1472 582 et
1497 561 1537 582 eo
1562 551 1735 582 molestius
1751 551 1842 592 quod
1860 550 1904 581 ab
1921 550 2075 582 exulibus

179 604 196 634 5
222 603 335 635 eidem
360 603 500 635 indubie
525 613 659 635 suasum
686 603 808 637 fuerat,
836 603 923 634 hanc
952 602 1069 634 urbem
1095 604 1222 644 apertis
1247 604 1352 644 portis
1377 603 1438 634 sibi
1465 614 1600 645 quoque
1627 604 1742 635 claves
1758 604 1946 639 allaturam,
1963 604 2077 635 simul-

219 663 323 699 atque
348 668 508 689 romanae
525 657 618 689 acies
635 657 725 688 illius
750 657 834 688 fines
858 657 1043 699 attigerint,
1067 663 1125 688 aut
1149 656 1261 688 triduo
1290 656 1409 688 saltem
1435 664 1612 699 postquam
1637 657 1726 688 illius
1751 667 1863 689 muros
1891 657 2074 689 circumse-

221 710 361 743 dissent.
400 710 604 743 'Arbitratus
627 711 741 752 itaque
768 710 833 742 hoc
851 709 976 742 bellum
994 710 1088 742 brevi
1115 721 1214 752 posse
1239 711 1373 745 confici,
1399 721 1439 742 eo
1457 711 1642 743 exercitum
1660 711 1866 744 adduxerat:
1885 721 2000 742 verum
2019 710 2074 742 ubi

220 764 385 806 prospicit
408 775 527 807 agrum
551 764 779 806 tiphernatem
805 764 893 796 binis
917 764 1069 796 invasum
1088 765 1218 801 castris,
1233 770 1267 796 et
1291 775 1352 805 pro
1378 765 1484 806 portis
1508 765 1613 806 ipsius
1638 764 1730 796 urbis
1755 764 1962 801 dimicatum,
1979 764 2074 807 quasi

221 818 422 860 quotidiana
447 817 706 853 consuetudine,
723 828 764 850 ac
782 824 964 859 postremo,
989 818 1023 849 in
1040 829 1077 849 re
1095 824 1264 859 suscepta,
1282 818 1344 849 nisi
1371 824 1517 861 stragem
1543 828 1678 849 suorum
1696 819 1875 859 proficere,
1889 817 2075 850 obsidionis

158 871 196 902 10
220 871 381 914 incohate
399 871 594 904 tarditatem
610 882 762 913 perosus,
788 872 969 903 confestim
987 871 1126 913 paribus
1151 872 1322 913 auspiciis,
1341 872 1487 913 pessimo
1505 872 1741 903 centurionum
1767 871 1920 909 consilio,
1936 871 1981 903 ad
1998 882 2075 913 por-

218 931 287 957 tam
310 936 377 967 que
402 924 589 957 Thusciam
614 925 789 967 prospicit,
803 925 907 957 altum
932 935 1095 968 aggerem
1120 925 1221 968 erigit
1244 924 1289 957 ad
1306 925 1469 966 templum
1487 924 1556 956 divi
1575 924 1708 967 Thome
1724 923 1744 962 ¹,
1762 935 1830 957 non
1846 925 1922 967 plus
1939 935 2006 957 uno
2030 924 2074 957 ab

221 977 305 1010 urbe
329 977 458 1015 stadi03
483 984 652 1010 tormenta
676 978 747 1010 illic
774 978 904 1010 minora
929 984 963 1010 et
987 977 1195 1019 praesidium
1219 978 1326 1010 addit.

597 1109 830 1142 ERUPTIONES
854 1119 978 1142 EXTRA
1005 1119 1156 1142 PORTAM
1182 1119 1254 1146 QUE
1279 1109 1472 1143 THUSCIAM
1498 1119 1696 1141 PROSPICIT.

303 1194 442 1227 Obsessi
467 1201 592 1232 autem,
620 1194 744 1238 quibus
769 1195 852 1227 nihil
879 1195 1033 1226 inausum
1059 1205 1208 1237 unquam
1234 1195 1354 1231 extitit,
1385 1195 1420 1226 in
1451 1205 1579 1237 aggere
1605 1194 1738 1226 clausos
1771 1194 1984 1236 munitosque
2015 1205 2075 1237 ag-

153 1247 191 1280 15
213 1248 434 1292 grediuntur;
459 1255 620 1290 superato
647 1249 828 1281 confestim
853 1259 994 1291 aggere,
1026 1248 1229 1281 defensores
1254 1247 1399 1280 cedunt:
1425 1248 1569 1280 hostium
1603 1248 1639 1279 fit
1664 1248 1757 1291 fuga,
1783 1248 1955 1291 fugientes
1985 1248 2074 1280 inse-

205 1308 374 1347 quuntur,
399 1303 488 1346 omni
517 1312 646 1346 aggere
671 1302 779 1344 potiti,
810 1301 899 1333 hunc
932 1302 1042 1346 ipsum
1074 1302 1238 1338 lacerant,
1271 1302 1418 1333 fractum
1450 1301 1729 1343 discerptumque
1762 1301 1976 1333 comburunt.
2023 1300 2074 1333 Ita

213 1355 395 1398 multorum
420 1355 553 1400 dierum
577 1355 714 1401 labores
739 1362 910 1387 momento
934 1346 1167 1391 absumuntur.
1214 1353 1343 1386 Audito
1378 1355 1522 1386 tumultu
1547 1360 1581 1386 et
1604 1355 1684 1397 igne
1710 1360 1904 1395 prospecto,
1928 1354 2073 1397 impigre

214 1419 234 1440 a
259 1409 379 1441 castris
403 1399 628 1453 concurritur,
653 1408 746 1441 nullo
771 1408 891 1441 ordine
916 1414 1062 1445 servato,
1087 1408 1149 1440 sed
1180 1414 1216 1440 ut
1242 1418 1340 1440 casus
1365 1407 1450 1439 tulit.
1471 1400 1474 1401 ⁷
1497 1407 1670 1449 Oppidani
1697 1414 1820 1445 autem,
1846 1406 1998 1439 hostibus
2029 1407 2074 1439 ad

213 1468 324 1494 castra
350 1473 456 1506 usque
481 1462 624 1507 adactis,
638 1462 762 1494 leniter
786 1461 830 1494 ad
855 1472 932 1493 suas
957 1453 1254 1504 stationes‚,g‘nari⁷
1264 1461 1427 1498 locorum,
1445 1455 1698 1502 compendiosis
1723 1460 1912 1493 tramitibus
1929 1471 2004 1493 sese
2020 1454 2074 1492 re-

148 1516 190 1547 20
214 1515 355 1557 cipiunt,
386 1515 494 1558 spolia
518 1506 705 1548 multorum*
724 1526 839 1547 secum
871 1515 1073 1547 referentes.
1119 1515 1253 1552 Rursus
1284 1525 1447 1558 aggerem
1473 1515 1586 1546 hostes
1611 1521 1780 1551 extruunt,
1808 1514 1963 1546 muniunt
1992 1514 2069 1546 dili-

211 1569 358 1612 gentius,
374 1569 562 1611 presidium
578 1569 790 1612 numerosius
807 1568 988 1600 collocant.
1021 1567 1141 1608 Altera
1157 1568 1214 1600 die
1230 1568 1353 1600 iterum
1370 1568 1443 1610 pari
1463 1568 1610 1605 fortuna,
1628 1579 1670 1600 ex
1686 1568 1870 1609 insperato,
1888 1574 2070 1609 erumpunt

212 1622 398 1664 oppidani:
423 1629 618 1665 expugnato
643 1633 783 1666 aggere,
808 1622 1002 1664 petulantes
1027 1628 1196 1659 truncant,
1222 1616 1413 1659 renitentes
1438 1621 1588 1653 coedunt
1605 1627 1639 1653 et
1656 1621 1819 1653 disiectos
1842 1620 1963 1663 rapide
1982 1621 2072 1652 inse-

212 1682 372 1718 quuntur,
385 1687 428 1708 ne
441 1686 556 1713 rursus
569 1675 768 1719 conglobari
784 1675 930 1712 valeant3
947 1675 1037 1713 omni
1051 1675 1201 1717 denique
1214 1673 1396 1716 praesidio'
1413 1675 1536 1716 partim
1554 1681 1666 1716 capto,
1680 1675 1801 1716 partim
1820 1685 1932 1712 caeso,
1950 1675 2071 1716 partim

216 1729 375 1773 profugo,
388 1729 423 1761 in
440 1720 585 1766 hostium
602 1729 807 1767 munitiones
824 1729 992 1760 flammam
1008 1721 1200 1765 immittunt,
1218 1735 1262 1769 et,
1279 1722 1342 1760 nisi
1361 1739 1403 1760 ex
1420 1727 1575 1760 omnibus
1593 1728 1712 1760 castris
1728 1728 1924 1760 advolatum
1941 1728 2071 1766 fuisset,

149 1780 190 1813 25
214 1788 383 1814 tormenta
406 1782 483 1819 illis,
508 1788 566 1815 aut
589 1782 720 1815 inutilia
745 1782 880 1814 reddita
905 1788 963 1814 aut
986 1782 1147 1824 adempta
1177 1782 1367 1826 extitissent
1383 1782 1506 1813 omnia.
1552 1781 1745 1813 Interiectis
1770 1781 1901 1818 diebus,
1926 1782 2071 1813 maxima

213 1826 415 1879 rusticorum
439 1846 542 1867 manu
566 1842 720 1872 evocata,
746 1835 860 1873 hostes
884 1834 1008 1867 rubore
1038 1835 1180 1876 perfusi,
1205 1841 1411 1876 prostratum
1437 1841 1471 1866 et
1495 1835 1530 1866 in
1560 1835 1711 1866 cinerem
1736 1845 1870 1867 versum
1896 1845 2070 1878 aggerem.

213 1888 327 1921 denuo
351 1889 451 1921 altius
476 1889 637 1926 efferunt,
669 1888 845 1921 latioribus
870 1887 1149 1932 longioribusque
1183 1889 1283 1928 fossis
1314 1888 1555 1931 geminatoque
1588 1887 1760 1930 praesidio
1788 1888 1932 1925 firmant,
1968 1888 2072 1920 maio-

213 1952 319 1985 raque
344 1948 512 1974 tormenta
541 1953 582 1974 ex
607 1942 700 1974 ferro
729 1941 840 1984 atque
871 1953 952 1973 aere
985 1942 1231 1983 superaddunt,
1256 1935 1380 1983 quibus
1412 1941 1539 1973 deinde
1572 1952 1639 1973 non
1671 1941 1715 1973 ad
1747 1941 1915 1973 diruenda
1946 1942 2069 1979 menia,

212 1994 274 2028 sed
290 1995 368 2039 pilis
386 1996 585 2027 marmoreis
602 1995 716 2037 pondo
735 1994 897 2041 librarum
914 1995 1141 2038 quadraginta
1166 1996 1201 2026 in
1225 1995 1337 2027 celum
1362 2006 1394 2026 e
1393 1995 1512 2029 ·tortis
1538 2005 1653 2042 earum
1671 1995 1799 2026 reflexu
1816 1994 1934 2026 urbem
1952 2001 2067 2033 totam,

148 2049 191 2079 30
214 2047 356 2081 deorum
381 2049 519 2090 templa,
550 2049 823 2091 templorumque
855 2049 1014 2085 sacraria,
1047 2049 1240 2090 promiscue
1272 2048 1446 2097 infestant,
1478 2039 1581 2090 atque
1614 2048 1660 2080 ita
1692 2047 1906 2079 obsessorum
1937 2048 2068 2080 animos

213 2090 397 2147 sollicitare
422 2102 569 2135 student.
600 2102 730 2140 Verum
755 2108 934 2144 postquam
951 2102 1017 2134 hoc
1033 2112 1162 2145 genere
1179 2096 1423 2141 tormentorum
1447 2112 1566 2143 parum
1591 2102 1693 2151 etiam
1710 2100 1831 2139 obesse
1855 2101 2069 2146 animadver-

213 2161 297 2200 tunt,
320 2154 440 2199 urbem
464 2146 532 2187 alio
557 2166 600 2187 ex
623 2155 700 2187 loco
723 2155 915 2198 inquietare
941 2161 975 2187 et
998 2155 1169 2187 lacessere
1193 2155 1404 2206 adoriuntur.

531 2288 665 2321 COLLls
688 2299 776 2321 DIVO
800 2288 952 2322 ANGELO
977 2299 1092 2322 SACER
1117 2299 1451 2322 CIRCUMVALLATUS
1476 2299 1525 2322 AB
1548 2298 1719 2323 HOSTIBUS
1733 2288 1755 2320 ²·

301 2373 407 2417 Collis
432 2380 505 2406 erat
529 2373 655 2406 arduus
680 2380 775 2406 extra
792 2380 935 2416 portam,
952 2375 1004 2406 cui
1024 2380 1161 2416 pontem
1187 2385 1289 2416 supra
1306 2373 1472 2417 Tyberim
1489 2374 1628 2418 adiungi
1650 2373 1903 2416 descripsimus,
1920 2373 2067 2406 difficilis

147 2426 187 2459 35
212 2437 368 2464 ascensu,
392 2426 466 2459 urbi
485 2428 742 2469 supereminens
766 2434 869 2471 atque
895 2427 1258 2470 expeditus,‚passibus
1274 2428 1365 2464 mille
1383 2428 1524 2473 distans,
1548 2427 1593 2459 ob
1616 2428 1829 2470 iniquitatem
1854 2428 1938 2463 loci;
1963 2427 2064 2471 longe

210 2486 323 2512 autem
348 2480 457 2512 minus
481 2481 538 2513 teli
564 2481 656 2513 iactu
679 2481 769 2527 aeris
792 2481 1074 2523 intercapedine3
1100 2481 1197 2513 collis
1220 2481 1277 2527 'hic
1303 2481 1540 2524 frequentibus
1564 2481 1764 2524 magnisque
1788 2479 1934 2517 ilicibus,
1962 2480 2065 2513 lauris

298 2644 304 2661 ¹
326 2645 366 2670 La
386 2646 480 2671 chiesa
499 2647 527 2670 di
548 2653 598 2671 san
619 2646 772 2671 Tommaso
789 2647 816 2671 su
835 2647 971 2672 distrutta
994 2647 1040 2671 dal
1060 2649 1111 2671 ter-
1169 2646 1370 2672 “Osservanti.
1406 2647 1419 2670 Ι
1437 2647 1514 2678 quali
1536 2647 1566 2670 vi
1587 2647 1670 2670 suron
1692 2646 1831 2670 trasseriti
1853 2646 1897 2670 nel
1919 2653 1985 2678 1493
2011 2646 2058 2670 dal

209 2690 317 2713 remoto
336 2689 386 2713 che
405 2688 523 2714 devastb
543 2687 625 2713 Citta
644 2689 673 2713 di
695 2687 823 2713 Castello
845 2689 889 2713 nel
913 2688 989 2721 1789.
1167 2689 1278 2721 “luogo
1297 2690 1325 2713 di
1347 2690 1372 2713 S.
1394 2689 1482 2713 Croce
1508 2689 1536 2712 di
1557 2689 1747 2720 Buonriposo,
1774 2696 1821 2720 per
1847 2688 1974 2721 toglierli
2003 2688 2059 2712 alle

297 2729 308 2746 ἵ
330 2731 361 2755 V.
382 2731 443 2755 doc.
463 2738 540 2763 caps
566 2732 717 2756 NchLAUs
736 2738 809 2756 nom
828 2738 916 2759 Civis,
935 2737 1051 2755 MILI'HS
1072 2738 1107 2754 m*
1165 2735 1176 2744 ‘¹
1189 2733 1286 2763 hrighe
1307 2732 1442 2756 continue
1467 2732 1518 2756 che
1542 2738 1660 2760 avezano,
1687 2738 1734 2763 per
1754 2733 1872 2763 cagionc
1892 2731 1922 2755 di
1942 2730 2059 2761 confini,

209 2780 385 2798 mc'mroms
405 2781 531 2799 mus-eas
550 2780 714 2799 saxol-run.
750 2773 801 2798 Sul
815 2772 899 2798 Colle
910 2774 940 2798 di
953 2774 980 2798 5.
995 2774 1106 2806 Angelo
1165 2777 1176 2786 ¹·
1189 2775 1229 2798 co*
1249 2775 1304 2798 ΡΙ).
1324 2774 1447 2802 Gesuiti,
1467 2774 1590 2797 abitanti
1611 2781 1684 2806 poco
1704 2774 1830 2798 discosto
1850 2773 1885 2797 da
1907 2773 1979 2797 loro.
2006 2773 2057 2797 Vc-

165 2822 179 2848 5
210 2817 232 2841 il
252 2817 403 2841 Mannucci
425 2818 476 2849 (op.
494 2818 548 2846 cit..
562 2825 588 2849 p.
608 2815 654 2849 99)
674 2817 700 2841 ci
727 2815 762 2841 dxl
780 2818 877 2848 queste
898 2818 1020 2841 notizie:
1043 2821 1054 2829 ¹⁴
1066 2817 1104 2840 Di
1164 2822 1174 2829 ·⁴
1188 2819 1245 2841 nuti
1269 2818 1276 2840 i
1298 2816 1409 2840 Gcsuiti
1431 2817 1466 2840 ad
1488 2816 1594 2840 abitare
1615 2817 1643 2840 in
1665 2815 1735 2840 citt-:¹1
1757 2816 1800 2840 nel
1823 2816 1910 2848 luogo
1936 2822 1989 2839 ove
2009 2824 2056 2839 orn

209 2859 222 2873 ‘⁴
235 2861 335 2891 questo
349 2860 431 2888 colle,
446 2860 513 2892 oggi
530 2860 727 2884 intieramentc
742 2861 851 2884 mutato
865 2860 893 2883 di
907 2862 1026 2892 aspett0‚
1042 2866 1106 2883 con·
1163 2860 1174 2870 *‘
1186 2858 1200 2883 'e
1220 2859 1241 2882 il
1263 2859 1425 2883 seminario.
1448 2860 1453 2881 i
1475 2858 1584 2882 Minori
1604 2857 1771 2882 Osscrvnnti
1788 2860 1945 2882 toruarono
1959 2858 1985 2881 al
2002 2859 2056 2890 pri-

210 2901 315 2926 “serva
336 2904 445 2926 tuttora
468 2903 487 2926 il
510 2909 592 2926 nome
612 2902 637 2925 la
659 2901 803 2926 mesehina
822 2901 1012 2933 cappelluccia
1026 2909 1103 2925 sarra
1162 2902 1172 2914 ‘⁴
1185 2909 1230 2925 mo
1250 2901 1313 2925 loro
1333 2902 1476 2925 convento
1495 2900 1524 2924 di
1547 2900 1727 2932 Buonriposo
1740 2917 1764 2929 ,‚.
1801 2899 1847 2923 Sul
1870 2901 2012 2924 convento
2026 2900 2057 2924 dl

210 2943 448 2977 “all’Arcangelo
473 2944 499 2968 S.
527 2944 657 2973 Mlehele,
683 2944 711 2968 la
729 2944 811 2975 quale
837 2943 897 2968 sola
923 2942 965 2968 v''e
986 2945 1103 2968 rimasta
1157 2944 1340 2975 Buonriposo
1361 2951 1403 2967 v..·
1424 2941 1882 2971 nimiarum-Gummi,storia
1897 2944 1927 2966 dr
1942 2942 2012 2967 Cina·
2026 2943 2056 2966 di

210 2986 318 3020 “sopra
338 2986 364 3011 le
384 2987 484 3011 rovine
497 2986 664 3010 dell'antiw
686 2987 828 3011 convento
843 2986 884 3011 de’
898 2985 977 3012 Frati
992 2986 1100 3010 Minori
1161 2985 1282 3014 Castcuo,
1302 2984 1382 3010 Citta
1401 2985 1431 3009 di
1452 2984 1588 3014 Castello,
1612 2992 1686 3018 1910,
1707 2985 1744 3015 11,
1759 2993 1784 3017 p.
1810 2984 1858 3008 106
1877 2992 1890 3009 e
1910 2992 1984 3017 segg.

210 3103 228 3127 l.
251 3110 261 3128 1
284 3103 472 3129 Cunuuns
497 3104 526 3133 T,
546 3111 568 3127 c.
587 3101 647 3136 689.
668 3116 701 3122 —-
720 3102 738 3127 1.
758 3109 771 3136 7
792 3103 957 3128 Arbitratus
977 3103 1010 3134 A,
1032 3110 1058 3136 p.
1073 3102 1116 3137 38.
1129 3117 1161 3121 —
1177 3103 1195 3127 1.
1215 3109 1247 3136 ²3
1268 3104 1371 3135 partim
1386 3105 1471 3136 capto
1486 3103 1520 3133 A,
1534 3110 1558 3134 p.
1573 3109 1615 3136 39.
1629 3115 1662 3121 --
1676 3102 1694 3127 1.
1711 3101 1742 3125 28
1757 3109 1820 3134 -quc
1834 3108 1896 3126 aere
1917 3102 1945 3131 Y,
1960 3109 1982 3126 c.
1996 3100 2057 3136 690.

2092 1524 2142 1545 Alia
2157 1526 2256 1550 eruptio.

2093 2007 2119 2026 κι
2137 2007 2240 2028 mortale.

2089 2653 2120 2671 10

2089 2865 2116 2891 ¹5
