2388 3439
66 858 105 888 10

66 1124 104 1156 15

65 1392 107 1423 20

65 1724 106 1756 25

63 1992 106 2024 30

65 2260 106 2293 35

75 2794 107 2812 10

73 3003 104 3029 15

657 192 726 226 DE
755 190 1035 227 OBSIDIONE
1061 191 1455 229 TIPHERNATUM

126 315 238 347 aliena
263 315 417 356 pericula
441 321 560 346 cautos
583 313 779 346 reddidere.
811 314 1138 347 Observantissimos
1165 326 1302 358 quoque
1331 316 1488 349 Romane
1521 318 1677 364 Ecclesie
1709 332 1881 365 nunquam
1914 337 1982 358 non

125 368 303 405 affirmant,
336 369 389 400 cui
423 368 541 399 urbem
568 368 655 399 hanc
684 368 799 409 sepius
824 378 977 399 servasse
1002 369 1202 411 gloriantur.
1231 380 1297 413 que
1323 371 1435 401 omnia
1468 373 1664 412 pontificem
1695 376 1833 408 minime
1866 378 1982 412 latent.

128 420 277 453 Proinde
302 422 328 452 si
354 421 510 462 pontifex
534 421 634 453 aliter
650 421 694 452 de
712 421 847 462 optImis
865 422 1219 464 innocentissimisque
1244 423 1376 454 civibus
1401 430 1535 461 statuat,
1559 437 1661 468 quam
1686 438 1764 469 spes
1788 432 1983 465 meritorum

127 475 302 516 decusque
335 475 481 516 pastoris
505 474 663 515 patiatur.
689 475 779 515 ipsos
803 474 847 506 ad
873 481 1080 515 postremum
1106 486 1180 507 esse
1206 483 1343 517 paratos
1369 478 1436 518 pati
1464 478 1642 511 imminens
1668 480 1805 519 bellum,
1837 484 1986 518 obsidio-

128 538 216 565 nem,
242 528 394 564 vulnera,
421 528 544 559 famem
570 528 738 569 sitimque.
753 538 943 569 necemque
961 528 1227 564 acerbissimam,
1245 530 1440 572 priusquam
1467 531 1598 564 iniustis
1622 534 1715 577 adigi
1733 537 1987 571 conditionibus

129 581 320 622 patiantur)

452 665 641 697 Nason-xus
666 665 850 697 VlTfflmus
875 675 1060 697 chTATou
1086 676 1259 698 cnuix‘run
1285 677 1310 698 A
1336 668 1648 703 Tnunzima'rlssus.

215 750 291 783 Hoc
322 751 474 782 animoso
507 760 671 790 responso
703 750 849 781 dimissis
881 750 1082 785 oratoribus,
1115 752 1208 783 cives
1241 753 1416 795 utriusque
1441 754 1580 791 ordinis,
1610 758 1721 789 statim
1754 770 1822 801 quo
1847 771 1981 794 omnem

127 804 254 836 diutius
277 803 491 835 obsidionem
515 803 662 835 tolerare
689 803 834 840 valeant,
868 805 1036 835 communi
1070 805 1218 836 omnium
1243 805 1384 838 arbitrio
1408 817 1449 838 ac
1483 818 1578 845 voce,
1604 810 1784 843 Nicolaum
1818 813 1981 847 Vitellum

129 858 332 890 dictatorem
358 863 573 892 creaverunt,
598 866 759 887 summam
787 856 867 887 belli
893 867 1039 894 omnem,
1064 859 1324 891 contradicente
1349 860 1453 895 nullo,
1483 861 1529 892 illi
1563 864 1756 897 credentes.
1804 867 1892 899 Tum
1926 870 1983 901 ille

131 912 407 943 circumstantem
433 909 594 951 populum
621 909 775 941 comibus
800 909 914 941 verbis
939 911 984 942 ita
1012 911 1180 943 allocutus
1210 919 1270 949 est,
1304 913 1397 944 nullo
1429 915 1571 946 orationi
1599 916 1770 950 lenocinio
1794 921 1913 954 addito
1923 922 1939 954 :'
1963 925 1990 956 si

128 975 250 996 munus
275 965 351 998 hoc.
375 963 468 1006 quod
493 963 550 994 alii
577 973 803 1004 sepenumero
829 964 916 995 votis
947 974 988 996 ae
1017 964 1178 1006 precibus
1203 966 1357 997 maximis
1382 974 1556 1008 expetunt,
1582 971 1663 1002 mihi
1688 982 1780 1004 nunc
1808 975 1985 1009 declinare

130 1018 261 1055 liceret,
274 1018 396 1050 scitote
420 1017 503 1048 nihil
529 1017 642 1048 animo
659 1023 793 1059 gratum
810 1027 886 1048 meo
903 1018 1012 1060 magis
1028 1028 1129 1060 quam
1154 1019 1252 1050 alteri
1279 1030 1321 1051 ex
1345 1020 1476 1052 civibus
1501 1024 1712 1063 provinciam
1738 1027 1827 1059 hanc
1851 1029 1992 1062 deman-

129 1071 244 1103 datam
271 1071 386 1102 t'uisse.
433 1070 563 1102 Verum
589 1076 714 1104 tamen,
739 1081 781 1101 ne
800 1070 933 1113 longior
946 1082 1022 1102 mea
1039 1072 1220 1110 recusatio,
1239 1073 1359 1117 inertig²
1377 1074 1658 1116 deprecationem
1676 1080 1788 1119 potius
1805 1092 1906 1123 quam
1924 1084 1992 1115 dis.

130 1125 289 1157 ficultatis
313 1124 480 1156 rationem
506 1123 633 1155 habere
659 1123 826 1160 videatur,
844 1124 964 1155 vestris
982 1131 1121 1156 coactus
1138 1126 1284 1157 assiduis
1308 1127 1460 1165 vocibus,
1484 1130 1696 1170 provinciam
1721 1143 1802 1165 sane
1829 1135 1993 1169 laborios-

129 1179 304 1215 sissimam,
329 1178 364 1208 in
388 1177 490 1208 rebus
507 1183 574 1208 tam
599 1176 755 1211 turbidis,
788 1176 934 1209 libenter
959 1178 1117 1219 suscipio.
1165 1178 1306 1220 Sumpta
1332 1180 1435 1223 igitur
1459 1182 1629 1214 dictatura
1646 1184 1664 1221 ¹,
1689 1186 1819 1229 ingenti
1853 1190 1991 1230 pietate,

128 1231 295 1263 modestia
319 1237 422 1272 atque
447 1230 549 1261 animi
574 1230 821 1273 magnitudine,
845 1231 957 1261 onmia
975 1241 1090 1262 secum
1108 1239 1231 1268 versat,
1255 1243 1298 1264 ne
1316 1234 1399 1274 quid
1423 1234 1618 1268 detrimenti
1644 1249 1698 1269 res
1723 1240 1860 1280 publica
1885 1244 1994 1284 patia-

129 1291 193 1322 tur,
217 1284 480 1325 confestimque,
506 1283 631 1315 iustitio
656 1283 796 1320 indicto,
820 1284 991 1320 mulieres,
1017 1295 1141 1325 pueros
1165 1296 1334 1327 senesque
1352 1286 1518 1325 imbelles,
1533 1296 1626 1321 extra
1653 1291 1771 1324 urbem
1795 1295 1840 1326 ad
1864 1298 1992 1338 oppida

131 1338 271 1370 finitima
301 1337 417 1380 exegit
428 1336 451 1373 ²,
482 1336 611 1368 relictis
643 1337 695 1367 his
726 1343 856 1368 tantum
889 1337 976 1368 intra
1009 1338 1120 1369 menia
1147 1338 1237 1371 viris.
1268 1340 1326 1381 qui
1350 1340 1395 1371 ad
1421 1341 1555 1384 vigilias
1584 1345 1807 1388 periculaque
1832 1348 1992 1383 obeunda

132 1392 279 1433 prompti
305 1390 521 1423 videbantur.

565 1475 647 1508 Pnu
671 1475 890 1508 ORDELAPHI
915 1486 1105 1509 ADVENTUS
1131 1487 1180 1508 AD
1206 1488 1310 1509 UR131s
1335 1489 1562 1514 OBSIDIONEM.

221 1563 309 1594 Dum
334 1562 398 1607 hec
422 1572 441 1593 a
466 1561 598 1593 civibus
623 1567 725 1604 atque
750 1561 918 1593 dictatore
936 1569 1111 1604 geruntur,
1137 1562 1241 1595 Pinus
1265 1564 1486 1607 Ordelaphus
1509 1568 1632 1601 aVico
1648 1569 1783 1604 Silicis³
1799 1573 1845 1606 ad
1862 1575 1992 1615 urbem,

131 1616 177 1648 ad
201 1615 444 1647 Cavalionem⁴
462 1620 660 1651 torrentem,
678 1621 789 1646 castra
806 1615 928 1646 movit:
955 1621 988 1646 et
1001 1616 1169 1657 quadrato
1193 1617 1342 1659 agmine.
1368 1621 1645 1659 prestantissimis
1671 1635 1835 1666 equorum
1852 1639 1993 1669 precur-

132 1669 265 1702 soribus
281 1669 401 1705 missis,
418 1669 463 1700 ad
480 1675 613 1710 portam
638 1679 756 1711 usque,
781 1679 906 1711 magno
924 1669 1062 1710 impetu,
1087 1671 1287 1713 magnisque
1313 1671 1520 1705 clamoribus
1539 1679 1770 1719 progreditur.
1817 1681 1991 1724 Oppidani

131 1730 256 1760 autem,
281 1722 392 1754 subito
410 1722 589 1763 eruptione
608 1722 711 1756 facta.
729 1722 959 1763 ordelapheos
983 1722 1202 1755 adoriuntur:
1220 1732 1392 1767 pugnatur
1418 1726 1497 1758 hinc
1514 1728 1595 1760 inde
1613 1731 1758 1770 fortiter,
1783 1734 1849 1766 illis
1865 1738 1992 1770 acriter

130 1776 380 1813 insultantibus,
416 1776 598 1817 oppidanis
631 1776 928 1807 vehementissime
962 1776 1198 1808 renitentibus.
1245 1778 1285 1808 In
1317 1790 1357 1810 ea
1382 1790 1497 1823 pugna
1522 1781 1647 1815 Carolo
1680 1784 1834 1820 Planano
1867 1792 1991 1831 peditis

130 1832 251 1863 lancea
275 1830 394 1862 oculus
411 1829 532 1860 dexter
549 1828 696 1860 effossus
721 1835 788 1865 est;
813 1829 935 1860 'Ritius
953 1840 1034 1861 vero
1052 1830 1250 1872 typhernas,
1276 1832 1327 1862 vir
1351 1840 1505 1873 spectate
1520 1836 1652 1869 virtutis
1677 1850 1719 1870 ex
1736 1843 1902 1884 sanguine
1927 1844 1993 1876 Ca-

130 1884 308 1926 puciorum
333 1883 456 1919 clarus,
488 1882 568 1913 dum
594 1882 683 1913 inter
707 1882 977 1914 confertissimos
1009 1883 1160 1920 dimicat,
1192 1885 1343 1916 creditus
1372 1886 1488 1924 hostis,
1513 1889 1548 1919 in
1572 1901 1674 1922 manu
1698 1893 1832 1926 sinistra
1867 1897 1992 1939 impru-

130 1938 253 1970 denter
277 1936 485 1968 vulneratur.
533 1934 654 1967 Plures
679 1946 722 1967 ex
746 1935 900 1967 hostibus
924 1936 1101 1979 desydrati
1127 1944 1214 1975 sunt,
1239 1949 1325 1970 unus
1349 1939 1525 1973 dumtaxat
1542 1953 1584 1974 ex
1601 1945 1793 1986 oppidanis,
1811 1950 1868 1991 qui
1894 1961 1993 1992 spec-

129 1991 224 2024 tandi
242 1991 355 2032 potius
378 1990 489 2032 gratia
513 2000 615 2031 quam
647 1990 824 2032 pugnandi
850 1996 945 2021 extra
970 1989 1089 2022 urbem
1113 1991 1299 2032 prodierat.
1346 1992 1396 2024 Ea
1421 1994 1477 2026 die
1502 1995 1565 2027 sibi
1602 1997 1716 2031 hostes
1740 2011 1992 2043 persuaserant,

131 2045 268 2077 exulum
292 2044 432 2086 pellecti
459 2044 616 2081 fallaciis,
633 2043 765 2086 aliquid
781 2044 861 2075 novi
886 2054 905 2074 a
922 2044 1146 2085 popularibus
1164 2056 1251 2077 vana
1267 2046 1394 2078 fiducia
1411 2048 1446 2079 in
1462 2050 1643 2090 optimates
1667 2056 1802 2093 tentari,
1830 2063 1991 2101 tanquam

131 2110 246 2131 rerum
269 2108 476 2140 annoneque
501 2098 679 2129 caritatem
705 2104 739 2129 et
762 2103 876 2129 tantos
893 2098 1060 2129 bellorum
1078 2099 1240 2131 tumultus
1265 2100 1357 2132 serre
1374 2112 1442 2133 non
1460 2103 1634 2137 vale'rent.
1680 2107 1728 2140 At
1745 2119 1844 2142 secus
1860 2114 1992 2146 evenit:

131 2153 260 2185 diutius
284 2162 421 2194 nanque
447 2162 549 2193 quam
575 2151 826 2183 existimassent
850 2158 1074 2189 remorantur,
1092 2153 1289 2196 repulsique
1307 2156 1452 2196 turpiter
1476 2157 1676 2197 discedunt3
1702 2168 1736 2193 et
1759 2164 1852 2196 nulla
1869 2167 1992 2199 seditio

132 2207 167 2238 in
191 2206 327 2238 diversa
352 2205 494 2237 consilia
519 2204 704 2246 populares
727 2205 878 2241 diduxit3
904 2216 1021 2236 verum
1050 2207 1234 2249 unicuique
1259 2214 1353 2240 tanta
1378 2210 1487 2242 crevit
1510 2212 1668 2250 audacia,
1693 2221 1729 2247 ut
1752 2217 1809 2258 qui
1842 2218 1994 2253 hastatos

133 2261 247 2292 hostes
272 2260 328 2290 vix
360 2259 454 2300 prius
485 2265 643 2300 spectare
668 2259 861 2296 sustineret,
885 2259 952 2290 iam
985 2261 1123 2292 summis
1148 2261 1308 2303 precibus
1333 2263 1463 2301 orabat,
1489 2271 1524 2297 ut
1548 2276 1625 2298 cum
1650 2267 1717 2300 illis
1741 2273 1990 2314 congrediendi

222 2398 230 2415 ¹
251 2400 302 2423 Nel
323 2399 430 2432 grande
451 2400 550 2423 salone
571 2399 616 2423 dcl
638 2400 756 2431 palazzo
782 2400 883 2424 Vitelli
906 2400 986 2424 detto
1006 2400 1034 2424 di

132 2442 217 2466 Porta
237 2443 263 2466 S.
284 2442 397 2473 Egidio,
417 2442 459 2465 fra
482 2442 505 2465 lc
527 2443 614 2465 stoi-ic
635 2442 684 2465 che
707 2443 735 2465 vi
761 2442 876 2474 dipinse
896 2443 1036 2474 Prospero

132 2485 273 2513 Fontana,
295 2492 328 2508 ve
349 2483 391 2508 n'e
412 2492 467 2508 una
488 2491 541 2507 con
567 2485 834 2515 quest'iscrizione:
861 2484 1037 2510 “Nmou-xus

135 2529 146 2540 ‘⁴
161 2529 306 2552 Vri-num
330 2533 446 2551 liu-:mro
465 2533 483 2550 Λ
503 2533 598 2551 Praxo
619 2533 756 2551 CONSILlo
783 2533 914 2551 inu-amu
942 2534 1037 2552 iniri-:R

136 2572 345 2595 “summm-cn
355 2586 378 2601 n·
416 2569 478 2593 Una
507 2571 587 2601 parte
617 2569 661 2593 dei
692 2570 805 2602 disegni
837 2571 978 2603 originali
1006 2571 1035 2595 di

133 2615 230 2646 questa
250 2620 264 2637 e
283 2612 357 2636 delle
377 2611 449 2636 altre
469 2613 556 2635 storie
577 2613 626 2636 che
654 2612 845 2644 magnificano
859 2613 887 2637 la
903 2613 1037 2646 famiglia

134 2656 236 2682 Vitelli
259 2654 273 2680 'e
292 2655 361 2687 oggi
377 2654 528 2686 posseduta
545 2654 579 2678 da
595 2655 701 2679 Donna
720 2655 842 2679 Isabclla
862 2655 1036 2681 Roudinelll

134 2699 243 2727 Vitelli,
266 2698 444 2729 principessa
464 2698 679 2730 Boncompagni
701 2697 852 2722 Ludovisi.

223 2739 233 2756 ²
254 2739 430 2767 Lixunssxzu,
448 2741 518 2764 Hz'st.
534 2741 581 2764 cit.
597 2749 618 2765 c.
635 2746 669 2771 50
681 2741 787 2772 (Aaou.
803 2741 903 2765 Mssa
919 2742 1036 2774 GRAz.)²

137 2785 183 2807 “A
205 2781 234 2807 di
256 2790 288 2813 ²4
309 2782 335 2806 di
358 2784 475 2813 giugno.
497 2783 523 2806 la
545 2783 648 2814 vigilia
668 2783 698 2806 di
718 2783 745 2807 S.
760 2782 920 2814 Giovanni,
941 2785 961 2808 li
983 2787 1036 2810 cit-

137 2827 149 2840 “
162 2826 253 2851 tudini
276 2826 309 2849 dc
329 2824 468 2854 Castello,
488 2832 537 2857 per
557 2825 661 2856 podere
681 2826 780 2850 durare
807 2826 864 2850 alla
891 2827 965 2851 ditta
986 2829 1036 2852 im-

137 2869 149 2882 ⁰
162 2875 251 2902 presa.
272 2867 410 2892 mandato
432 2868 494 2892 fora
514 2868 590 2892 della
603 2871 678 2893 terra
699 2870 771 2893 tutto
791 2870 816 2893 lc
836 2870 938 2894 bocche
958 2870 1034 2895 disu-

138 2912 150 2924 ¹‘
162 2911 218 2940 tili,
233 2909 295 2935 cioe
309 2910 419 2934 homini
436 2917 450 2934 e
471 2909 566 2935 donne
581 2911 694 2935 disutili
715 2918 729 2935 e
749 2911 893 2941 fanciulli,
914 2913 935 2937 li
955 2914 1034 2945 quali

135 2954 149 2968 θ
161 2962 216 2978 non
232 2960 318 2978 erano
333 2953 387 2976 atti
401 2960 415 2976 a
431 2953 588 2979 defendere.
603 2955 631 2977 et
643 2960 769 2978 vennero
789 2955 891 2979 denti-o
913 2956 941 2979 in
953 2955 1034 2980 aiuto

135 2996 148 3009 “
160 2995 204 3020 dei
220 2995 293 3020 detti
306 2993 467 3019 castellani
479 2994 672 3020 l'infrascritti
685 2997 865 3025 conestabili,
877 2996 940 3022 cioe
954 2997 1033 3022 l'An-

1093 2401 1252 2433 “ghiarino
1272 2403 1452 2435 d'Anghiari.
1473 2404 1623 2431 Giovanni
1638 2408 1713 2433 della
1734 2411 1864 2441 Vecchia,
1884 2414 1908 2438 el
1924 2414 1991 2439 For-

1095 2448 1105 2456 “
1120 2445 1182 2468 nito
1202 2453 1215 2468 c
1236 2444 1385 2470 Giovanni
1405 2447 1547 2479 Spinello,
1574 2457 1588 2473 c
1608 2450 1689 2474 molti
1705 2452 1772 2476 altri
1791 2454 1863 2479 santi
1883 2463 1899 2480 a
1914 2458 1991 2489 piedi

1096 2487 1107 2499 ‘⁴
1122 2489 1246 2512 valenti:
1260 2496 1346 2512 erano
1362 2490 1390 2512 in
1406 2491 1474 2514 tutti
1491 2491 1511 2514 li
1528 2491 1670 2517 suresticri
1682 2495 1869 2526 cinquccento
1884 2498 1991 2532 santl„.

1181 2529 1192 2546 ³
1213 2530 1278 2555 “Lo
1299 2534 1387 2556 stesso
1400 2533 1504 2564 giorno
1525 2540 1558 2566 29
1576 2537 1685 2567 giugno
1707 2537 1727 2560 il
1747 2539 1875 2564 cardinal
1897 2541 1992 2574 legato

1096 2574 1107 2585 ‘⁴
1119 2574 1193 2597 colle
1215 2581 1262 2597 sue
1287 2575 1388 2607 truppe
1409 2576 1431 2599 si
1454 2576 1589 2601 avvicino
1615 2579 1672 2602 alla
1693 2578 1763 2604 citt-i
1790 2589 1873 2614 sopra
1896 2584 1917 2608 il
1938 2584 1990 2610 Te·

1095 2615 1108 2627 ‘⁴
1121 2622 1192 2641 vere,
1211 2623 1225 2640 e
1245 2617 1448 2648 precisamente
1462 2624 1478 2642 a
1492 2618 1518 2642 S.
1538 2618 1673 2648 Petriolo.
1694 2629 1765 2653 poco
1785 2623 1864 2656 lungi
1887 2626 1921 2650 da
1935 2626 1992 2652 Ga-

1095 2657 1231 2684 “ravelle.
1252 2666 1265 2681 e
1285 2658 1341 2681 alla
1368 2658 1460 2683 Fonte
1486 2659 1515 2683 di
1539 2661 1672 2686 Bcraccio
1695 2663 1726 2687 in
1753 2668 1836 2696 porta
1859 2667 1991 2701 Sellaria,

1093 2698 1105 2711 “
1120 2707 1155 2723 un
1178 2701 1279 2731 miglio
1300 2701 1373 2725 circa
1395 2701 1468 2726 dalla
1488 2705 1570 2734 porta
1591 2705 1618 2728 di
1639 2703 1666 2729 S.
1688 2706 1786 2731 Maria.
1824 2708 1897 2734 Pino
1913 2712 1988 2743 degli

1095 2742 1251 2767 “Oi-delam
1273 2744 1315 2767 col
1336 2743 1467 2770 Giustini
1482 2746 1506 2770 si
1527 2747 1661 2772 nvvicino
1682 2750 1831 2782 anch'cgli.
1852 2760 1866 2776 e
1885 2755 1908 2778 si
1922 2762 1990 2786 pose

1095 2786 1145 2809 “al
1165 2787 1295 2810 casalino
1316 2787 1343 2810 di
1365 2788 1391 2811 S.
1412 2786 1552 2813 Giuliano
1578 2790 1666 2823 lungo
1688 2792 1708 2815 il
1736 2791 1915 2827 Cavaglionc
1934 2804 1987 2822 con

1094 2829 1107 2841 ‘⁴
1118 2829 1267 2853 trabacchc
1288 2838 1301 2853 t·
1316 2830 1479 2862 padiglioni
1492 2850 1514 2863 η.
1551 2831 1641 2863 Muzx,
1652 2836 1691 2865 op.
1703 2835 1757 2862 cit..
1772 2843 1798 2868 p.
1813 2844 1855 2868 40.
1894 2838 1926 2863 V.
1940 2847 1989 2864 an-

1091 2871 1140 2895 che
1163 2872 1181 2895 il
1203 2879 1273 2904 capa
1293 2872 1364 2896 lum
1384 2872 1559 2898 Onnsmmn
1586 2881 1743 2901 novuxwrcs
1762 2885 1801 2902 AD
1820 2885 1926 2905 AGRUM
1946 2889 1988 2907 τι·

1092 2920 1307 2945 ΡιιιςιυτΛἸ-ΗΕΜ,
1329 2922 1355 2946 p.
1375 2914 1400 2938 6.

1179 2955 1190 2971 ⁴
1209 2955 1232 2980 11
1254 2955 1432 2990 Cat-aglione
1457 2955 1472 2982 *c
1498 2965 1534 2983 un
1561 2960 1687 2985 torrente
1713 2962 1762 2987 che
1787 2965 1944 2991 atti-aversa
1963 2967 1989 2993 la

1089 2997 1168 3024 cittii.

223 3112 241 3136 1.
257 3117 270 3144 7
286 3111 444 3137 Nicotaus
465 3112 494 3141 Τ,
507 3119 530 3136 c.
544 3110 605 3136 681.
619 3112 684 3137 -1.
700 3119 774 3137 11—12
791 3113 815 3137 si
831 3121 932 3138 munus
944 3113 975 3143 Α,
990 3121 1016 3147 p.
1032 3121 1074 3147 ²4·
1087 3127 1118 3132 -—
1135 3115 1152 3139 l.
1167 3121 1200 3148 ²⁷
1213 3114 1310 3140 Ritius
1323 3115 1355 3145 A,
1369 3123 1396 3148 p.
1411 3121 1442 3148 25
1457 3129 1488 3135 —-
1504 3116 1524 3144 1.
1537 3124 1569 3150 32
1585 3121 1668 3151 -rent,
1681 3119 1722 3145 At
1733 3128 1812 3148 secus
1837 3123 1867 3154 T,
1885 3132 1909 3150 c.
1928 3123 1988 3153 682,

2017 924 2092 945 Verba
2121 926 2220 948 Nicolni

2043 952 2122 972 vitelli
2134 959 2227 979 sumpta

2036 977 2157 1000 dictatura.

2017 2007 2146 2053 Crledulitas
2176 2016 2231 2031 exu-

2052 2040 2097 2055 uin.

2020 2595 2053 2612 20

2019 2808 2049 2834 25

2014 3019 2050 3046 3ο
