<?xml version="1.0" encoding="UTF-8"?>
<!DOCTYPE html PUBLIC "-//W3C//DTD XHTML 1.0 Transitional//EN"
    "http://www.w3.org/TR/xhtml1/DTD/xhtml1-transitional.dtd">
<html xmlns="http://www.w3.org/1999/xhtml" xml:lang="en" lang="en">
 <head>
  <title>
</title>
<meta http-equiv="Content-Type" content="text/html;charset=utf-8" />
  <meta name='ocr-system' content='tesseract 3.04.00' />
  <meta name='ocr-capabilities' content='ocr_page ocr_carea ocr_par ocr_line ocrx_word'/>
</head>
<body>
  <div class='ocr_page' id='page_1' title='image "./p3f1rerumitalica27murauoft_0081.png"; bbox 0 0 2388 3439; ppageno 0'>
   <div class='ocr_carea' id='block_1_1' title="bbox 72 788 110 819">
    <p class='ocr_par' dir='ltr' id='par_1_1' title="bbox 72 788 110 819">
     <span class='ocr_line' id='line_1_1' title="bbox 72 788 110 819; baseline 0.026 -1"><span class='ocrx_word' id='word_1_1' title='bbox 72 788 110 819; x_wconf 91' lang='lat'>10</span> 
     </span>
    </p>
   </div>
   <div class='ocr_carea' id='block_1_2' title="bbox 71 1053 108 1085">
    <p class='ocr_par' dir='ltr' id='par_1_2' title="bbox 71 1053 108 1085">
     <span class='ocr_line' id='line_1_2' title="bbox 71 1053 108 1085; baseline 0.027 -1"><span class='ocrx_word' id='word_1_2' title='bbox 71 1053 108 1085; x_wconf 87' lang='lat'>15</span> 
     </span>
    </p>
   </div>
   <div class='ocr_carea' id='block_1_3' title="bbox 67 1321 109 1351">
    <p class='ocr_par' dir='ltr' id='par_1_3' title="bbox 67 1321 109 1351">
     <span class='ocr_line' id='line_1_3' title="bbox 67 1321 109 1351; baseline 0 0"><span class='ocrx_word' id='word_1_3' title='bbox 67 1321 109 1351; x_wconf 89' lang='lat'>20</span> 
     </span>
    </p>
   </div>
   <div class='ocr_carea' id='block_1_4' title="bbox 67 1585 108 1618">
    <p class='ocr_par' dir='ltr' id='par_1_4' title="bbox 67 1585 108 1618">
     <span class='ocr_line' id='line_1_4' title="bbox 67 1585 108 1618; baseline 0 0"><span class='ocrx_word' id='word_1_4' title='bbox 67 1585 108 1618; x_wconf 87' lang='grc'>25</span> 
     </span>
    </p>
   </div>
   <div class='ocr_carea' id='block_1_5' title="bbox 69 1972 111 2003">
    <p class='ocr_par' dir='ltr' id='par_1_5' title="bbox 69 1972 111 2003">
     <span class='ocr_line' id='line_1_5' title="bbox 69 1972 111 2003; baseline -0.024 0"><span class='ocrx_word' id='word_1_5' title='bbox 69 1972 111 2003; x_wconf 87' lang='grc'>30</span> 
     </span>
    </p>
   </div>
   <div class='ocr_carea' id='block_1_6' title="bbox 72 2238 112 2270">
    <p class='ocr_par' dir='ltr' id='par_1_6' title="bbox 72 2238 112 2270">
     <span class='ocr_line' id='line_1_6' title="bbox 72 2238 112 2270; baseline 0 0"><span class='ocrx_word' id='word_1_6' title='bbox 72 2238 112 2270; x_wconf 90' lang='grc'>35</span> 
     </span>
    </p>
   </div>
   <div class='ocr_carea' id='block_1_7' title="bbox 73 2505 114 2536">
    <p class='ocr_par' dir='ltr' id='par_1_7' title="bbox 73 2505 114 2536">
     <span class='ocr_line' id='line_1_7' title="bbox 73 2505 114 2536; baseline 0 0"><span class='ocrx_word' id='word_1_7' title='bbox 73 2505 114 2536; x_wconf 86' lang='grc'>40</span> 
     </span>
    </p>
   </div>
   <div class='ocr_carea' id='block_1_8' title="bbox 663 181 1980 221">
    <p class='ocr_par' dir='ltr' id='par_1_8' title="bbox 663 181 1980 221">
     <span class='ocr_line' id='line_1_8' title="bbox 663 181 1980 221; baseline 0.003 -4"><span class='ocrx_word' id='word_1_8' title='bbox 663 183 734 219; x_wconf 91' lang='lat' dir='ltr'>DE</span> <span class='ocrx_word' id='word_1_9' title='bbox 764 181 1041 219; x_wconf 91' lang='lat' dir='ltr'>OBSIDIONE</span> <span class='ocrx_word' id='word_1_10' title='bbox 1070 181 1463 218; x_wconf 85' lang='lat' dir='ltr'>TIPHERNATUM</span> <span class='ocrx_word' id='word_1_11' title='bbox 1933 185 1980 221; x_wconf 88' lang='lat'>25</span> 
     </span>
    </p>
   </div>
   <div class='ocr_carea' id='block_1_9' title="bbox 131 304 1990 1684">
    <p class='ocr_par' dir='ltr' id='par_1_9' title="bbox 131 304 1990 1684">
     <span class='ocr_line' id='line_1_9' title="bbox 134 304 1984 350; baseline 0 -9"><span class='ocrx_word' id='word_1_12' title='bbox 134 308 322 343; x_wconf 82' lang='lat' dir='ltr'>discordes,</span> <span class='ocrx_word' id='word_1_13' title='bbox 349 307 535 344; x_wconf 87' lang='lat' dir='ltr'>famelicos,</span> <span class='ocrx_word' id='word_1_14' title='bbox 567 312 763 349; x_wconf 80' lang='lat' dir='ltr'>egrotantes</span> <span class='ocrx_word' id='word_1_15' title='bbox 795 313 828 337; x_wconf 92' lang='lat' dir='ltr'>et</span> <span class='ocrx_word' id='word_1_16' title='bbox 860 305 1020 337; x_wconf 88' lang='lat' dir='ltr'>saucios?</span> <span class='ocrx_word' id='word_1_17' title='bbox 1068 304 1202 337; x_wconf 85' lang='lat' dir='ltr'>Scimus</span> <span class='ocrx_word' id='word_1_18' title='bbox 1230 305 1503 338; x_wconf 86' lang='lat' dir='ltr'>Florentinorum</span> <span class='ocrx_word' id='word_1_19' title='bbox 1536 307 1684 348; x_wconf 89' lang='lat' dir='ltr'>presidia</span> <span class='ocrx_word' id='word_1_20' title='bbox 1718 308 1782 339; x_wconf 86' lang='lat' dir='ltr'>illis</span> <span class='ocrx_word' id='word_1_21' title='bbox 1811 310 1984 350; x_wconf 80' lang='lat' dir='ltr'>suppetias</span> 
     </span>
     <span class='ocr_line' id='line_1_10' title="bbox 134 350 1985 402; baseline 0.001 -9"><span class='ocrx_word' id='word_1_22' title='bbox 134 363 220 394; x_wconf 88' lang='lat' dir='ltr'>itura</span> <span class='ocrx_word' id='word_1_23' title='bbox 245 350 423 393; x_wconf 78' lang='lat' dir='ltr'>evanuisse</span> <span class='ocrx_word' id='word_1_24' title='bbox 440 360 471 394; x_wconf 85' lang='lat'>¹:</span> <span class='ocrx_word' id='word_1_25' title='bbox 502 360 590 391; x_wconf 87' lang='lat' dir='ltr'>intra</span> <span class='ocrx_word' id='word_1_26' title='bbox 615 358 732 390; x_wconf 91' lang='lat' dir='ltr'>urbem</span> <span class='ocrx_word' id='word_1_27' title='bbox 759 365 791 390; x_wconf 92' lang='lat' dir='ltr'>et</span> <span class='ocrx_word' id='word_1_28' title='bbox 818 359 978 390; x_wconf 79' lang='lat' dir='ltr'>factiosos</span> <span class='ocrx_word' id='word_1_29' title='bbox 1003 365 1130 393; x_wconf 78' lang='lat' dir='ltr'>extare,</span> <span class='ocrx_word' id='word_1_30' title='bbox 1156 359 1212 400; x_wconf 91' lang='lat' dir='ltr'>qui</span> <span class='ocrx_word' id='word_1_31' title='bbox 1238 359 1335 389; x_wconf 90' lang='lat' dir='ltr'>simul</span> <span class='ocrx_word' id='word_1_32' title='bbox 1360 365 1462 400; x_wconf 90' lang='lat' dir='ltr'>atque</span> <span class='ocrx_word' id='word_1_33' title='bbox 1488 358 1605 390; x_wconf 90' lang='lat' dir='ltr'>urbem</span> <span class='ocrx_word' id='word_1_34' title='bbox 1631 361 1720 391; x_wconf 91' lang='lat' dir='ltr'>omni</span> <span class='ocrx_word' id='word_1_35' title='bbox 1747 371 1787 392; x_wconf 79' lang='lat' dir='ltr'>ex</span> <span class='ocrx_word' id='word_1_36' title='bbox 1820 368 1916 402; x_wconf 88' lang='lat' dir='ltr'>parte</span> <span class='ocrx_word' id='word_1_37' title='bbox 1941 362 1985 394; x_wconf 91' lang='lat' dir='ltr'>ab</span> 
     </span>
     <span class='ocr_line' id='line_1_11' title="bbox 135 412 1986 457; baseline -0.001 -10"><span class='ocrx_word' id='word_1_38' title='bbox 135 413 427 457; x_wconf 81' lang='lat' dir='ltr'>oppugnatoribus</span> <span class='ocrx_word' id='word_1_39' title='bbox 452 413 542 455; x_wconf 85' lang='lat' dir='ltr'>cingi</span> <span class='ocrx_word' id='word_1_40' title='bbox 569 412 803 455; x_wconf 76' lang='lat' dir='ltr'>cognoverint.</span> <span class='ocrx_word' id='word_1_41' title='bbox 827 412 872 443; x_wconf 89' lang='lat' dir='ltr'>ad</span> <span class='ocrx_word' id='word_1_42' title='bbox 897 422 989 442; x_wconf 86' lang='lat' dir='ltr'>arma</span> <span class='ocrx_word' id='word_1_43' title='bbox 1016 418 1049 443; x_wconf 92' lang='lat' dir='ltr'>et</span> <span class='ocrx_word' id='word_1_44' title='bbox 1075 422 1161 443; x_wconf 80' lang='lat' dir='ltr'>nova</span> <span class='ocrx_word' id='word_1_45' title='bbox 1187 412 1327 443; x_wconf 90' lang='lat' dir='ltr'>consilia</span> <span class='ocrx_word' id='word_1_46' title='bbox 1354 412 1502 444; x_wconf 90' lang='lat' dir='ltr'>ineunda</span> <span class='ocrx_word' id='word_1_47' title='bbox 1531 413 1724 454; x_wconf 91' lang='lat' dir='ltr'>prosilient;</span> <span class='ocrx_word' id='word_1_48' title='bbox 1744 414 1866 446; x_wconf 83' lang='lat' dir='ltr'>videtis</span> <span class='ocrx_word' id='word_1_49' title='bbox 1890 416 1986 457; x_wconf 90' lang='lat' dir='ltr'>oppi-</span> 
     </span>
     <span class='ocr_line' id='line_1_12' title="bbox 135 464 1985 510; baseline -0.001 -10"><span class='ocrx_word' id='word_1_50' title='bbox 135 468 242 500; x_wconf 88' lang='lat' dir='ltr'>danos</span> <span class='ocrx_word' id='word_1_51' title='bbox 255 466 448 510; x_wconf 80' lang='lat' dir='ltr'>glandibus.</span> <span class='ocrx_word' id='word_1_52' title='bbox 466 465 652 499; x_wconf 84' lang='lat' dir='ltr'>tormentis,</span> <span class='ocrx_word' id='word_1_53' title='bbox 670 464 920 506; x_wconf 78' lang='lat' dir='ltr'>missilibusque</span> <span class='ocrx_word' id='word_1_54' title='bbox 939 465 1099 498; x_wconf 79' lang='lat' dir='ltr'>caruisse,</span> <span class='ocrx_word' id='word_1_55' title='bbox 1117 465 1275 496; x_wconf 88' lang='lat' dir='ltr'>diuturna</span> <span class='ocrx_word' id='word_1_56' title='bbox 1294 464 1471 496; x_wconf 87' lang='lat' dir='ltr'>obsidione</span> <span class='ocrx_word' id='word_1_57' title='bbox 1490 465 1650 508; x_wconf 79' lang='lat' dir='ltr'>fatigatos</span> <span class='ocrx_word' id='word_1_58' title='bbox 1668 466 1798 507; x_wconf 86' lang='lat' dir='ltr'>pridem</span> <span class='ocrx_word' id='word_1_59' title='bbox 1825 469 1985 510; x_wconf 81' lang='lat' dir='ltr'>torqueri,</span> 
     </span>
     <span class='ocr_line' id='line_1_13' title="bbox 137 517 1985 561; baseline 0.001 -9"><span class='ocrx_word' id='word_1_60' title='bbox 137 521 307 552; x_wconf 78' lang='lat' dir='ltr'>frumento</span> <span class='ocrx_word' id='word_1_61' title='bbox 332 520 434 561; x_wconf 85' lang='lat' dir='ltr'>paulo</span> <span class='ocrx_word' id='word_1_62' title='bbox 458 525 536 550; x_wconf 90' lang='lat' dir='ltr'>ante</span> <span class='ocrx_word' id='word_1_63' title='bbox 564 518 749 551; x_wconf 78' lang='lat' dir='ltr'>fraudatos,</span> <span class='ocrx_word' id='word_1_64' title='bbox 775 517 946 548; x_wconf 76' lang='lat' dir='ltr'>vindemia</span> <span class='ocrx_word' id='word_1_65' title='bbox 978 528 1114 559; x_wconf 83' lang='lat' dir='ltr'>quoque</span> <span class='ocrx_word' id='word_1_66' title='bbox 1148 528 1238 548; x_wconf 91' lang='lat' dir='ltr'>nunc</span> <span class='ocrx_word' id='word_1_67' title='bbox 1270 518 1420 558; x_wconf 86' lang='lat' dir='ltr'>spoliari,</span> <span class='ocrx_word' id='word_1_68' title='bbox 1452 519 1687 550; x_wconf 87' lang='lat' dir='ltr'>molestissime</span> <span class='ocrx_word' id='word_1_69' title='bbox 1714 520 1816 557; x_wconf 74' lang='lat' dir='ltr'>serre,</span> <span class='ocrx_word' id='word_1_70' title='bbox 1848 522 1985 553; x_wconf 89' lang='lat' dir='ltr'>arctiori</span> 
     </span>
     <span class='ocr_line' id='line_1_14' title="bbox 136 570 1987 616; baseline 0 -11"><span class='ocrx_word' id='word_1_71' title='bbox 136 575 237 606; x_wconf 89' lang='lat' dir='ltr'>etiam</span> <span class='ocrx_word' id='word_1_72' title='bbox 260 582 395 604; x_wconf 88' lang='lat' dir='ltr'>annona</span> <span class='ocrx_word' id='word_1_73' title='bbox 421 571 620 604; x_wconf 84' lang='lat' dir='ltr'>conflictari.</span> <span class='ocrx_word' id='word_1_74' title='bbox 645 577 747 612; x_wconf 88' lang='lat' dir='ltr'>atque</span> <span class='ocrx_word' id='word_1_75' title='bbox 772 571 861 601; x_wconf 89' lang='lat' dir='ltr'>omni</span> <span class='ocrx_word' id='word_1_76' title='bbox 887 580 947 610; x_wconf 88' lang='lat' dir='ltr'>spe</span> <span class='ocrx_word' id='word_1_77' title='bbox 973 571 1021 601; x_wconf 83' lang='lat' dir='ltr'>rei</span> <span class='ocrx_word' id='word_1_78' title='bbox 1048 571 1268 602; x_wconf 71' lang='lat' dir='ltr'>frumentari&lt;²</span> <span class='ocrx_word' id='word_1_79' title='bbox 1295 581 1425 602; x_wconf 89' lang='lat' dir='ltr'>carere.</span> <span class='ocrx_word' id='word_1_80' title='bbox 1474 570 1657 604; x_wconf 89' lang='lat' dir='ltr'>Praetereo</span> <span class='ocrx_word' id='word_1_81' title='bbox 1685 573 1862 616; x_wconf 88' lang='lat' dir='ltr'>ambiguos</span> <span class='ocrx_word' id='word_1_82' title='bbox 1880 585 1987 616; x_wconf 92' lang='lat' dir='ltr'>popu-</span> 
     </span>
     <span class='ocr_line' id='line_1_15' title="bbox 136 623 1988 666; baseline -0.001 -8"><span class='ocrx_word' id='word_1_83' title='bbox 136 627 255 659; x_wconf 88' lang='lat' dir='ltr'>larium</span> <span class='ocrx_word' id='word_1_84' title='bbox 280 626 428 657; x_wconf 88' lang='lat' dir='ltr'>animos:</span> <span class='ocrx_word' id='word_1_85' title='bbox 453 631 589 657; x_wconf 86' lang='lat' dir='ltr'>transeo</span> <span class='ocrx_word' id='word_1_86' title='bbox 615 624 715 655; x_wconf 84' lang='lat' dir='ltr'>etiam</span> <span class='ocrx_word' id='word_1_87' title='bbox 743 623 807 654; x_wconf 89' lang='lat' dir='ltr'>hoc</span> <span class='ocrx_word' id='word_1_88' title='bbox 832 630 985 664; x_wconf 91' lang='lat' dir='ltr'>tempore</span> <span class='ocrx_word' id='word_1_89' title='bbox 1011 624 1104 654; x_wconf 82' lang='lat' dir='ltr'>cives</span> <span class='ocrx_word' id='word_1_90' title='bbox 1129 623 1241 654; x_wconf 89' lang='lat' dir='ltr'>alieno</span> <span class='ocrx_word' id='word_1_91' title='bbox 1266 624 1374 666; x_wconf 85' lang='lat' dir='ltr'>magis</span> <span class='ocrx_word' id='word_1_92' title='bbox 1392 635 1465 655; x_wconf 91' lang='lat' dir='ltr'>esse</span> <span class='ocrx_word' id='word_1_93' title='bbox 1483 625 1595 656; x_wconf 89' lang='lat' dir='ltr'>animo</span> <span class='ocrx_word' id='word_1_94' title='bbox 1613 626 1647 656; x_wconf 90' lang='lat' dir='ltr'>in</span> <span class='ocrx_word' id='word_1_95' title='bbox 1673 626 1854 658; x_wconf 80' lang='lat' dir='ltr'>Nicolaum</span> <span class='ocrx_word' id='word_1_96' title='bbox 1879 627 1988 659; x_wconf 86' lang='lat' dir='ltr'>Vitel-</span> 
     </span>
     <span class='ocr_line' id='line_1_16' title="bbox 135 676 1988 722; baseline 0 -10"><span class='ocrx_word' id='word_1_97' title='bbox 135 681 203 712; x_wconf 90' lang='lat' dir='ltr'>lum</span> <span class='ocrx_word' id='word_1_98' title='bbox 228 690 329 722; x_wconf 89' lang='lat' dir='ltr'>quam</span> <span class='ocrx_word' id='word_1_99' title='bbox 353 685 464 713; x_wconf 88' lang='lat' dir='ltr'>antea,</span> <span class='ocrx_word' id='word_1_100' title='bbox 497 684 530 709; x_wconf 92' lang='lat' dir='ltr'>et</span> <span class='ocrx_word' id='word_1_101' title='bbox 554 678 588 708; x_wconf 88' lang='lat' dir='ltr'>in</span> <span class='ocrx_word' id='word_1_102' title='bbox 613 677 727 708; x_wconf 89' lang='lat' dir='ltr'>odium</span> <span class='ocrx_word' id='word_1_103' title='bbox 752 686 901 708; x_wconf 87' lang='lat' dir='ltr'>amorem</span> <span class='ocrx_word' id='word_1_104' title='bbox 928 677 1080 712; x_wconf 83' lang='lat' dir='ltr'>vertisse,</span> <span class='ocrx_word' id='word_1_105' title='bbox 1107 676 1327 718; x_wconf 86' lang='lat' dir='ltr'>partibusque</span> <span class='ocrx_word' id='word_1_106' title='bbox 1353 677 1546 709; x_wconf 83' lang='lat' dir='ltr'>labantibus</span> <span class='ocrx_word' id='word_1_107' title='bbox 1571 689 1732 710; x_wconf 90' lang='lat' dir='ltr'>summam</span> <span class='ocrx_word' id='word_1_108' title='bbox 1758 679 1885 711; x_wconf 89' lang='lat' dir='ltr'>turbari</span> <span class='ocrx_word' id='word_1_109' title='bbox 1912 691 1988 722; x_wconf 90' lang='lat' dir='ltr'>per-</span> 
     </span>
     <span class='ocr_line' id='line_1_17' title="bbox 135 730 1986 776; baseline -0.001 -10"><span class='ocrx_word' id='word_1_110' title='bbox 135 734 288 776; x_wconf 89' lang='lat' dir='ltr'>spicuum</span> <span class='ocrx_word' id='word_1_111' title='bbox 315 738 381 764; x_wconf 85' lang='lat' dir='ltr'>est:</span> <span class='ocrx_word' id='word_1_112' title='bbox 414 731 679 773; x_wconf 87' lang='lat' dir='ltr'>proscriptorum</span> <span class='ocrx_word' id='word_1_113' title='bbox 708 730 787 761; x_wconf 86' lang='lat' dir='ltr'>item</span> <span class='ocrx_word' id='word_1_114' title='bbox 814 736 847 761; x_wconf 89' lang='lat' dir='ltr'>et</span> <span class='ocrx_word' id='word_1_115' title='bbox 872 730 1126 772; x_wconf 75' lang='lat' dir='ltr'>transfugartun</span> <span class='ocrx_word' id='word_1_116' title='bbox 1152 730 1186 761; x_wconf 89' lang='lat' dir='ltr'>in</span> <span class='ocrx_word' id='word_1_117' title='bbox 1211 730 1332 761; x_wconf 89' lang='lat' dir='ltr'>castris</span> <span class='ocrx_word' id='word_1_118' title='bbox 1356 741 1515 772; x_wconf 85' lang='lat' dir='ltr'>magnum</span> <span class='ocrx_word' id='word_1_119' title='bbox 1542 742 1615 763; x_wconf 89' lang='lat' dir='ltr'>esse</span> <span class='ocrx_word' id='word_1_120' title='bbox 1634 742 1820 770; x_wconf 88' lang='lat' dir='ltr'>numerum,</span> <span class='ocrx_word' id='word_1_121' title='bbox 1837 733 1986 775; x_wconf 89' lang='lat' dir='ltr'>pluteos-</span> 
     </span>
     <span class='ocr_line' id='line_1_18' title="bbox 134 782 1987 829; baseline -0.001 -10"><span class='ocrx_word' id='word_1_122' title='bbox 134 798 200 829; x_wconf 88' lang='lat' dir='ltr'>que</span> <span class='ocrx_word' id='word_1_123' title='bbox 233 793 266 818; x_wconf 92' lang='lat' dir='ltr'>et</span> <span class='ocrx_word' id='word_1_124' title='bbox 291 786 411 821; x_wconf 86' lang='lat' dir='ltr'>scalas,</span> <span class='ocrx_word' id='word_1_125' title='bbox 440 791 473 816; x_wconf 89' lang='lat' dir='ltr'>et</span> <span class='ocrx_word' id='word_1_126' title='bbox 505 783 675 815; x_wconf 89' lang='lat' dir='ltr'>musculos</span> <span class='ocrx_word' id='word_1_127' title='bbox 702 782 887 814; x_wconf 84' lang='lat' dir='ltr'>fabricatos</span> <span class='ocrx_word' id='word_1_128' title='bbox 920 793 993 813; x_wconf 85' lang='lat' dir='ltr'>esse</span> <span class='ocrx_word' id='word_1_129' title='bbox 1026 783 1255 824; x_wconf 78' lang='lat' dir='ltr'>quamplures·</span> <span class='ocrx_word' id='word_1_130' title='bbox 1304 783 1475 815; x_wconf 86' lang='lat' dir='ltr'>Bellorum</span> <span class='ocrx_word' id='word_1_131' title='bbox 1502 795 1575 816; x_wconf 87' lang='lat' dir='ltr'>esse</span> <span class='ocrx_word' id='word_1_132' title='bbox 1607 786 1698 822; x_wconf 87' lang='lat' dir='ltr'>satis,</span> <span class='ocrx_word' id='word_1_133' title='bbox 1723 786 1779 827; x_wconf 91' lang='lat' dir='ltr'>qui</span> <span class='ocrx_word' id='word_1_134' title='bbox 1809 787 1987 827; x_wconf 89' lang='lat' dir='ltr'>presertim</span> 
     </span>
     <span class='ocr_line' id='line_1_19' title="bbox 135 836 1988 883; baseline 0 -11"><span class='ocrx_word' id='word_1_135' title='bbox 135 840 198 872; x_wconf 91' lang='lat' dir='ltr'>sub</span> <span class='ocrx_word' id='word_1_136' title='bbox 222 850 282 881; x_wconf 86' lang='lat' dir='ltr'>spe</span> <span class='ocrx_word' id='word_1_137' title='bbox 307 837 491 879; x_wconf 87' lang='lat' dir='ltr'>diripiendi</span> <span class='ocrx_word' id='word_1_138' title='bbox 528 837 657 878; x_wconf 85' lang='lat' dir='ltr'>oppidi,</span> <span class='ocrx_word' id='word_1_139' title='bbox 691 837 724 866; x_wconf 94' lang='lat' dir='ltr'>in</span> <span class='ocrx_word' id='word_1_140' title='bbox 755 846 855 867; x_wconf 85' lang='lat' dir='ltr'>omne</span> <span class='ocrx_word' id='word_1_141' title='bbox 888 836 1032 867; x_wconf 88' lang='lat' dir='ltr'>telorum</span> <span class='ocrx_word' id='word_1_142' title='bbox 1065 843 1377 878; x_wconf 85' lang='lat' dir='ltr'>tormentorumque</span> <span class='ocrx_word' id='word_1_143' title='bbox 1409 847 1518 879; x_wconf 89' lang='lat' dir='ltr'>genus</span> <span class='ocrx_word' id='word_1_144' title='bbox 1551 848 1624 869; x_wconf 85' lang='lat' dir='ltr'>sese</span> <span class='ocrx_word' id='word_1_145' title='bbox 1658 839 1843 880; x_wconf 88' lang='lat' dir='ltr'>precipites</span> <span class='ocrx_word' id='word_1_146' title='bbox 1873 847 1988 883; x_wconf 82' lang='lat' dir='ltr'>agent,</span> 
     </span>
     <span class='ocr_line' id='line_1_20' title="bbox 132 889 1987 937; baseline 0 -12"><span class='ocrx_word' id='word_1_147' title='bbox 132 893 256 937; x_wconf 90' lang='lat' dir='ltr'>quibus</span> <span class='ocrx_word' id='word_1_148' title='bbox 292 891 421 928; x_wconf 88' lang='lat' dir='ltr'>urbem,</span> <span class='ocrx_word' id='word_1_149' title='bbox 445 890 553 922; x_wconf 87' lang='lat' dir='ltr'>tribus</span> <span class='ocrx_word' id='word_1_150' title='bbox 578 891 611 920; x_wconf 94' lang='lat' dir='ltr'>in</span> <span class='ocrx_word' id='word_1_151' title='bbox 637 889 720 921; x_wconf 90' lang='lat' dir='ltr'>locis</span> <span class='ocrx_word' id='word_1_152' title='bbox 746 889 1035 931; x_wconf 79' lang='lat' dir='ltr'>impugnantibus,</span> <span class='ocrx_word' id='word_1_153' title='bbox 1061 889 1265 921; x_wconf 87' lang='lat' dir='ltr'>incredibile</span> <span class='ocrx_word' id='word_1_154' title='bbox 1292 890 1396 921; x_wconf 82' lang='lat' dir='ltr'>fuerit</span> <span class='ocrx_word' id='word_1_155' title='bbox 1421 901 1494 921; x_wconf 90' lang='lat' dir='ltr'>eam</span> <span class='ocrx_word' id='word_1_156' title='bbox 1520 901 1658 932; x_wconf 89' lang='lat' dir='ltr'>prorsus</span> <span class='ocrx_word' id='word_1_157' title='bbox 1687 903 1754 923; x_wconf 93' lang='lat' dir='ltr'>non</span> <span class='ocrx_word' id='word_1_158' title='bbox 1779 894 1987 936; x_wconf 76' lang='lat' dir='ltr'>expugnari-¹</span> 
     </span>
     <span class='ocr_line' id='line_1_21' title="bbox 132 942 1987 989; baseline 0.001 -11"><span class='ocrx_word' id='word_1_159' title='bbox 132 947 196 978; x_wconf 90' lang='lat' dir='ltr'>His</span> <span class='ocrx_word' id='word_1_160' title='bbox 220 957 285 989; x_wconf 88' lang='lat' dir='ltr'>ego</span> <span class='ocrx_word' id='word_1_161' title='bbox 309 943 497 977; x_wconf 90' lang='lat' dir='ltr'>rationibus</span> <span class='ocrx_word' id='word_1_162' title='bbox 521 949 691 985; x_wconf 88' lang='lat' dir='ltr'>speratam</span> <span class='ocrx_word' id='word_1_163' title='bbox 717 943 880 986; x_wconf 80' lang='lat' dir='ltr'>praedam</span> <span class='ocrx_word' id='word_1_164' title='bbox 908 954 925 974; x_wconf 89' lang='lat' dir='ltr'>e</span> <span class='ocrx_word' id='word_1_165' title='bbox 951 942 1106 974; x_wconf 88' lang='lat' dir='ltr'>manibus</span> <span class='ocrx_word' id='word_1_166' title='bbox 1132 944 1253 974; x_wconf 81' lang='lat' dir='ltr'>vestris</span> <span class='ocrx_word' id='word_1_167' title='bbox 1277 943 1526 979; x_wconf 83' lang='lat' dir='ltr'>dimittendam,</span> <span class='ocrx_word' id='word_1_168' title='bbox 1553 951 1586 976; x_wconf 91' lang='lat' dir='ltr'>et</span> <span class='ocrx_word' id='word_1_169' title='bbox 1610 946 1784 986; x_wconf 71' lang='lat' dir='ltr'>prestitam</span> <span class='ocrx_word' id='word_1_170' title='bbox 1817 947 1865 977; x_wconf 91' lang='lat' dir='ltr'>rei</span> <span class='ocrx_word' id='word_1_171' title='bbox 1900 946 1987 979; x_wconf 91' lang='lat' dir='ltr'>bene</span> 
     </span>
     <span class='ocr_line' id='line_1_22' title="bbox 133 995 1989 1044; baseline 0 -12"><span class='ocrx_word' id='word_1_172' title='bbox 133 999 286 1044; x_wconf 67' lang='lat' dir='ltr'>gerendg</span> <span class='ocrx_word' id='word_1_173' title='bbox 311 998 527 1030; x_wconf 86' lang='lat' dir='ltr'>occasionem</span> <span class='ocrx_word' id='word_1_174' title='bbox 553 996 831 1038; x_wconf 81' lang='lat' dir='ltr'>protrahendam,</span> <span class='ocrx_word' id='word_1_175' title='bbox 857 996 1011 1026; x_wconf 85' lang='lat' dir='ltr'>insanum</span> <span class='ocrx_word' id='word_1_176' title='bbox 1036 995 1136 1033; x_wconf 89' lang='lat' dir='ltr'>duco,</span> <span class='ocrx_word' id='word_1_177' title='bbox 1162 1002 1196 1027; x_wconf 93' lang='lat' dir='ltr'>et</span> <span class='ocrx_word' id='word_1_178' title='bbox 1220 1006 1261 1027; x_wconf 92' lang='lat' dir='ltr'>eo</span> <span class='ocrx_word' id='word_1_179' title='bbox 1286 996 1532 1034; x_wconf 86' lang='lat' dir='ltr'>vehementius,</span> <span class='ocrx_word' id='word_1_180' title='bbox 1561 998 1653 1039; x_wconf 93' lang='lat' dir='ltr'>quod</span> <span class='ocrx_word' id='word_1_181' title='bbox 1679 999 1724 1030; x_wconf 90' lang='lat' dir='ltr'>ita</span> <span class='ocrx_word' id='word_1_182' title='bbox 1741 999 1886 1031; x_wconf 88' lang='lat' dir='ltr'>assiduis</span> <span class='ocrx_word' id='word_1_183' title='bbox 1902 1001 1989 1032; x_wconf 90' lang='lat' dir='ltr'>mili-</span> 
     </span>
     <span class='ocr_line' id='line_1_23' title="bbox 134 1048 1988 1093; baseline 0.001 -11"><span class='ocrx_word' id='word_1_184' title='bbox 134 1059 203 1086; x_wconf 87' lang='lat' dir='ltr'>tum</span> <span class='ocrx_word' id='word_1_185' title='bbox 228 1051 370 1084; x_wconf 90' lang='lat' dir='ltr'>vocibus</span> <span class='ocrx_word' id='word_1_186' title='bbox 386 1051 465 1082; x_wconf 87' lang='lat' dir='ltr'>totis</span> <span class='ocrx_word' id='word_1_187' title='bbox 482 1050 602 1082; x_wconf 87' lang='lat' dir='ltr'>castris</span> <span class='ocrx_word' id='word_1_188' title='bbox 618 1049 720 1081; x_wconf 89' lang='lat' dir='ltr'>audio</span> <span class='ocrx_word' id='word_1_189' title='bbox 746 1049 972 1083; x_wconf 84' lang='lat' dir='ltr'>conclamari:</span> <span class='ocrx_word' id='word_1_190' title='bbox 997 1048 1120 1090; x_wconf 87' lang='lat' dir='ltr'>quibus</span> <span class='ocrx_word' id='word_1_191' title='bbox 1144 1049 1315 1081; x_wconf 88' lang='lat' dir='ltr'>animante</span> <span class='ocrx_word' id='word_1_192' title='bbox 1341 1049 1407 1080; x_wconf 88' lang='lat' dir='ltr'>alia</span> <span class='ocrx_word' id='word_1_193' title='bbox 1433 1051 1586 1082; x_wconf 86' lang='lat' dir='ltr'>oratione</span> <span class='ocrx_word' id='word_1_194' title='bbox 1612 1061 1702 1083; x_wconf 91' lang='lat' dir='ltr'>nunc</span> <span class='ocrx_word' id='word_1_195' title='bbox 1726 1062 1811 1093; x_wconf 91' lang='lat' dir='ltr'>opus</span> <span class='ocrx_word' id='word_1_196' title='bbox 1836 1063 1903 1084; x_wconf 91' lang='lat' dir='ltr'>non</span> <span class='ocrx_word' id='word_1_197' title='bbox 1928 1060 1988 1091; x_wconf 88' lang='lat' dir='ltr'>est,</span> 
     </span>
     <span class='ocr_line' id='line_1_24' title="bbox 133 1102 1988 1148; baseline 0.001 -11"><span class='ocrx_word' id='word_1_198' title='bbox 133 1106 195 1139; x_wconf 90' lang='lat' dir='ltr'>sed</span> <span class='ocrx_word' id='word_1_199' title='bbox 227 1105 338 1148; x_wconf 88' lang='lat' dir='ltr'>potius</span> <span class='ocrx_word' id='word_1_200' title='bbox 370 1103 625 1148; x_wconf 61' lang='lat' dir='ltr'>precavendum</span> <span class='ocrx_word' id='word_1_201' title='bbox 662 1113 704 1134; x_wconf 92' lang='lat' dir='ltr'>ne</span> <span class='ocrx_word' id='word_1_202' title='bbox 738 1113 779 1134; x_wconf 83' lang='lat' dir='ltr'>ex</span> <span class='ocrx_word' id='word_1_203' title='bbox 811 1102 971 1134; x_wconf 85' lang='lat' dir='ltr'>tarditate</span> <span class='ocrx_word' id='word_1_204' title='bbox 1004 1102 1237 1145; x_wconf 84' lang='lat' dir='ltr'>languidiores</span> <span class='ocrx_word' id='word_1_205' title='bbox 1268 1103 1467 1134; x_wconf 88' lang='lat' dir='ltr'>reddantur.</span> <span class='ocrx_word' id='word_1_206' title='bbox 1515 1103 1595 1135; x_wconf 93' lang='lat' dir='ltr'>Non</span> <span class='ocrx_word' id='word_1_207' title='bbox 1623 1115 1665 1136; x_wconf 90' lang='lat' dir='ltr'>ne</span> <span class='ocrx_word' id='word_1_208' title='bbox 1699 1105 1833 1138; x_wconf 87' lang='lat' dir='ltr'>hortatu</span> <span class='ocrx_word' id='word_1_209' title='bbox 1865 1114 1988 1143; x_wconf 86' lang='lat' dir='ltr'>vestro,</span> 
     </span>
     <span class='ocr_line' id='line_1_25' title="bbox 134 1154 1988 1202; baseline 0.001 -11"><span class='ocrx_word' id='word_1_210' title='bbox 134 1165 266 1200; x_wconf 87' lang='lat' dir='ltr'>sumpta</span> <span class='ocrx_word' id='word_1_211' title='bbox 293 1157 522 1199; x_wconf 83' lang='lat' dir='ltr'>expeditione,</span> <span class='ocrx_word' id='word_1_212' title='bbox 548 1155 730 1187; x_wconf 87' lang='lat' dir='ltr'>debellatis</span> <span class='ocrx_word' id='word_1_213' title='bbox 755 1155 911 1187; x_wconf 90' lang='lat' dir='ltr'>Tuderto</span> <span class='ocrx_word' id='word_1_214' title='bbox 936 1154 1159 1197; x_wconf 83' lang='lat' dir='ltr'>Spoletoque,</span> <span class='ocrx_word' id='word_1_215' title='bbox 1185 1155 1251 1187; x_wconf 90' lang='lat' dir='ltr'>huc</span> <span class='ocrx_word' id='word_1_216' title='bbox 1277 1166 1342 1198; x_wconf 85' lang='lat' dir='ltr'>ego</span> <span class='ocrx_word' id='word_1_217' title='bbox 1367 1155 1523 1187; x_wconf 84' lang='lat' dir='ltr'>accessi?</span> <span class='ocrx_word' id='word_1_218' title='bbox 1551 1156 1678 1188; x_wconf 88' lang='lat' dir='ltr'>Harum</span> <span class='ocrx_word' id='word_1_219' title='bbox 1704 1165 1817 1190; x_wconf 84' lang='lat' dir='ltr'>tamen</span> <span class='ocrx_word' id='word_1_220' title='bbox 1846 1166 1988 1202; x_wconf 89' lang='lat' dir='ltr'>utraque</span> 
     </span>
     <span class='ocr_line' id='line_1_26' title="bbox 133 1209 1990 1251; baseline 0.001 -7"><span class='ocrx_word' id='word_1_221' title='bbox 133 1211 364 1244; x_wconf 89' lang='lat' dir='ltr'>munitissimis</span> <span class='ocrx_word' id='word_1_222' title='bbox 388 1211 423 1242; x_wconf 89' lang='lat' dir='ltr'>in</span> <span class='ocrx_word' id='word_1_223' title='bbox 447 1209 618 1241; x_wconf 89' lang='lat' dir='ltr'>montibus</span> <span class='ocrx_word' id='word_1_224' title='bbox 642 1209 824 1241; x_wconf 89' lang='lat' dir='ltr'>constituta</span> <span class='ocrx_word' id='word_1_225' title='bbox 850 1215 916 1240; x_wconf 82' lang='lat' dir='ltr'>est:</span> <span class='ocrx_word' id='word_1_226' title='bbox 942 1219 1003 1240; x_wconf 94' lang='lat' dir='ltr'>nos</span> <span class='ocrx_word' id='word_1_227' title='bbox 1028 1219 1110 1251; x_wconf 86' lang='lat' dir='ltr'>ergo</span> <span class='ocrx_word' id='word_1_228' title='bbox 1136 1209 1352 1250; x_wconf 84' lang='lat' dir='ltr'>Tiphernum</span> <span class='ocrx_word' id='word_1_229' title='bbox 1378 1210 1515 1243; x_wconf 83' lang='lat' dir='ltr'>humile,</span> <span class='ocrx_word' id='word_1_230' title='bbox 1548 1217 1582 1242; x_wconf 89' lang='lat' dir='ltr'>et</span> <span class='ocrx_word' id='word_1_231' title='bbox 1606 1217 1654 1243; x_wconf 92' lang='lat' dir='ltr'>tot</span> <span class='ocrx_word' id='word_1_232' title='bbox 1687 1218 1719 1243; x_wconf 87' lang='lat' dir='ltr'>et</span> <span class='ocrx_word' id='word_1_233' title='bbox 1751 1212 1908 1250; x_wconf 88' lang='lat' dir='ltr'>victores,</span> <span class='ocrx_word' id='word_1_234' title='bbox 1937 1225 1990 1245; x_wconf 91' lang='lat' dir='ltr'>re-</span> 
     </span>
     <span class='ocr_line' id='line_1_27' title="bbox 131 1262 1989 1308; baseline 0.001 -10"><span class='ocrx_word' id='word_1_235' title='bbox 131 1265 316 1308; x_wconf 86' lang='lat' dir='ltr'>presserit?</span> <span class='ocrx_word' id='word_1_236' title='bbox 350 1263 440 1295; x_wconf 87' lang='lat' dir='ltr'>Proh</span> <span class='ocrx_word' id='word_1_237' title='bbox 455 1264 566 1305; x_wconf 90' lang='lat' dir='ltr'>pudor</span> <span class='ocrx_word' id='word_1_238' title='bbox 580 1263 586 1294; x_wconf 75' lang='lat' dir='ltr'>l</span> <span class='ocrx_word' id='word_1_239' title='bbox 607 1263 738 1294; x_wconf 83' lang='lat' dir='ltr'>Diutius</span> <span class='ocrx_word' id='word_1_240' title='bbox 755 1262 856 1294; x_wconf 92' lang='lat' dir='ltr'>modo</span> <span class='ocrx_word' id='word_1_241' title='bbox 873 1273 892 1293; x_wconf 88' lang='lat' dir='ltr'>a</span> <span class='ocrx_word' id='word_1_242' title='bbox 911 1262 1180 1303; x_wconf 89' lang='lat' dir='ltr'>Tiphernatibus</span> <span class='ocrx_word' id='word_1_243' title='bbox 1197 1263 1357 1294; x_wconf 90' lang='lat' dir='ltr'>remorati</span> <span class='ocrx_word' id='word_1_244' title='bbox 1375 1274 1498 1300; x_wconf 89' lang='lat' dir='ltr'>sumus,</span> <span class='ocrx_word' id='word_1_245' title='bbox 1515 1274 1616 1306; x_wconf 89' lang='lat' dir='ltr'>quam</span> <span class='ocrx_word' id='word_1_246' title='bbox 1633 1264 1838 1306; x_wconf 86' lang='lat' dir='ltr'>Spoletanos</span> <span class='ocrx_word' id='word_1_247' title='bbox 1855 1266 1989 1299; x_wconf 88' lang='lat' dir='ltr'>Tuder-</span> 
     </span>
     <span class='ocr_line' id='line_1_28' title="bbox 132 1314 1989 1361; baseline 0.001 -10"><span class='ocrx_word' id='word_1_248' title='bbox 132 1320 289 1361; x_wconf 89' lang='lat' dir='ltr'>tinosque</span> <span class='ocrx_word' id='word_1_249' title='bbox 315 1317 412 1349; x_wconf 88' lang='lat' dir='ltr'>simul</span> <span class='ocrx_word' id='word_1_250' title='bbox 438 1316 684 1359; x_wconf 83' lang='lat' dir='ltr'>subegerimus.</span> <span class='ocrx_word' id='word_1_251' title='bbox 732 1315 861 1346; x_wconf 77' lang='lat' dir='ltr'>Verum</span> <span class='ocrx_word' id='word_1_252' title='bbox 886 1316 912 1346; x_wconf 94' lang='lat' dir='ltr'>si</span> <span class='ocrx_word' id='word_1_253' title='bbox 937 1316 995 1357; x_wconf 88' lang='lat' dir='ltr'>qui</span> <span class='ocrx_word' id='word_1_254' title='bbox 1021 1326 1063 1346; x_wconf 80' lang='lat' dir='ltr'>ex</span> <span class='ocrx_word' id='word_1_255' title='bbox 1088 1314 1184 1346; x_wconf 87' lang='lat' dir='ltr'>vobis</span> <span class='ocrx_word' id='word_1_256' title='bbox 1209 1322 1296 1352; x_wconf 88' lang='lat' dir='ltr'>sunt,</span> <span class='ocrx_word' id='word_1_257' title='bbox 1321 1316 1378 1357; x_wconf 93' lang='lat' dir='ltr'>qui</span> <span class='ocrx_word' id='word_1_258' title='bbox 1404 1323 1472 1347; x_wconf 89' lang='lat' dir='ltr'>tam</span> <span class='ocrx_word' id='word_1_259' title='bbox 1498 1317 1761 1349; x_wconf 79' lang='lat' dir='ltr'>evidentissimis</span> <span class='ocrx_word' id='word_1_260' title='bbox 1774 1319 1989 1352; x_wconf 85' lang='lat' dir='ltr'>documentis</span> 
     </span>
     <span class='ocr_line' id='line_1_29' title="bbox 132 1369 1988 1415; baseline 0.001 -11"><span class='ocrx_word' id='word_1_261' title='bbox 132 1383 201 1405; x_wconf 91' lang='lat' dir='ltr'>non</span> <span class='ocrx_word' id='word_1_262' title='bbox 224 1377 436 1407; x_wconf 89' lang='lat' dir='ltr'>moveantur,</span> <span class='ocrx_word' id='word_1_263' title='bbox 460 1376 614 1411; x_wconf 89' lang='lat' dir='ltr'>perstent</span> <span class='ocrx_word' id='word_1_264' title='bbox 638 1370 816 1405; x_wconf 89' lang='lat' dir='ltr'>tenaciter,</span> <span class='ocrx_word' id='word_1_265' title='bbox 841 1379 883 1400; x_wconf 91' lang='lat' dir='ltr'>ne</span> <span class='ocrx_word' id='word_1_266' title='bbox 916 1379 1035 1410; x_wconf 88' lang='lat' dir='ltr'>parum</span> <span class='ocrx_word' id='word_1_267' title='bbox 1068 1370 1255 1400; x_wconf 88' lang='lat' dir='ltr'>constantis</span> <span class='ocrx_word' id='word_1_268' title='bbox 1284 1369 1416 1401; x_wconf 88' lang='lat' dir='ltr'>consilii</span> <span class='ocrx_word' id='word_1_269' title='bbox 1450 1370 1556 1401; x_wconf 79' lang='lat' dir='ltr'>fuisse</span> <span class='ocrx_word' id='word_1_270' title='bbox 1589 1371 1786 1404; x_wconf 74' lang='lat' dir='ltr'>videantur:</span> <span class='ocrx_word' id='word_1_271' title='bbox 1819 1384 1884 1415; x_wconf 89' lang='lat' dir='ltr'>ego</span> <span class='ocrx_word' id='word_1_272' title='bbox 1916 1374 1988 1406; x_wconf 90' lang='lat' dir='ltr'>sine</span> 
     </span>
     <span class='ocr_line' id='line_1_30' title="bbox 134 1421 1990 1467; baseline 0.001 -9"><span class='ocrx_word' id='word_1_273' title='bbox 134 1427 186 1458; x_wconf 87' lang='lat' dir='ltr'>his</span> <span class='ocrx_word' id='word_1_274' title='bbox 209 1436 349 1467; x_wconf 89' lang='lat' dir='ltr'>operam</span> <span class='ocrx_word' id='word_1_275' title='bbox 374 1423 518 1461; x_wconf 85' lang='lat' dir='ltr'>navabo,</span> <span class='ocrx_word' id='word_1_276' title='bbox 536 1424 570 1454; x_wconf 91' lang='lat' dir='ltr'>hi</span> <span class='ocrx_word' id='word_1_277' title='bbox 596 1434 637 1455; x_wconf 82' lang='lat' dir='ltr'>ex</span> <span class='ocrx_word' id='word_1_278' title='bbox 655 1421 885 1454; x_wconf 88' lang='lat' dir='ltr'>bel&#39;latoribus</span> <span class='ocrx_word' id='word_1_279' title='bbox 903 1429 1115 1463; x_wconf 86' lang='lat' dir='ltr'>spectatores</span> <span class='ocrx_word' id='word_1_280' title='bbox 1140 1423 1238 1455; x_wconf 87' lang='lat' dir='ltr'>fient:</span> <span class='ocrx_word' id='word_1_281' title='bbox 1265 1433 1341 1455; x_wconf 89' lang='lat' dir='ltr'>cum</span> <span class='ocrx_word' id='word_1_282' title='bbox 1367 1423 1433 1454; x_wconf 92' lang='lat' dir='ltr'>illis</span> <span class='ocrx_word' id='word_1_283' title='bbox 1457 1430 1569 1455; x_wconf 85' lang='lat' dir='ltr'>autem</span> <span class='ocrx_word' id='word_1_284' title='bbox 1595 1425 1653 1466; x_wconf 86' lang='lat' dir='ltr'>qui</span> <span class='ocrx_word' id='word_1_285' title='bbox 1678 1432 1772 1458; x_wconf 90' lang='lat' dir='ltr'>recte</span> <span class='ocrx_word' id='word_1_286' title='bbox 1796 1433 1830 1458; x_wconf 90' lang='lat' dir='ltr'>et</span> <span class='ocrx_word' id='word_1_287' title='bbox 1854 1427 1990 1460; x_wconf 71' lang='lat' dir='ltr'>fortiter</span> 
     </span>
     <span class='ocr_line' id='line_1_31' title="bbox 131 1475 1990 1519; baseline 0.001 -8"><span class='ocrx_word' id='word_1_288' title='bbox 131 1479 283 1512; x_wconf 86' lang='lat' dir='ltr'>sentiunt</span> <span class='ocrx_word' id='word_1_289' title='bbox 306 1487 344 1510; x_wconf 84' lang='lat' dir='ltr'>re</span> <span class='ocrx_word' id='word_1_290' title='bbox 369 1476 615 1519; x_wconf 86' lang='lat' dir='ltr'>comprobabo,</span> <span class='ocrx_word' id='word_1_291' title='bbox 641 1476 745 1508; x_wconf 88' lang='lat' dir='ltr'>satius</span> <span class='ocrx_word' id='word_1_292' title='bbox 762 1476 1031 1518; x_wconf 86' lang='lat' dir='ltr'>oppugnandum</span> <span class='ocrx_word' id='word_1_293' title='bbox 1051 1475 1167 1512; x_wconf 82' lang='lat' dir='ltr'>fuisse,</span> <span class='ocrx_word' id='word_1_294' title='bbox 1184 1476 1382 1518; x_wconf 86' lang='lat' dir='ltr'>priusquam</span> <span class='ocrx_word' id='word_1_295' title='bbox 1407 1477 1441 1507; x_wconf 89' lang='lat' dir='ltr'>in</span> <span class='ocrx_word' id='word_1_296' title='bbox 1458 1483 1552 1509; x_wconf 90' lang='lat' dir='ltr'>tanta</span> <span class='ocrx_word' id='word_1_297' title='bbox 1576 1477 1799 1511; x_wconf 84' lang='lat' dir='ltr'>diuturnitate</span> <span class='ocrx_word' id='word_1_298' title='bbox 1825 1490 1990 1513; x_wconf 90' lang='lat' dir='ltr'>consene-</span> 
     </span>
     <span class='ocr_line' id='line_1_32' title="bbox 133 1528 1990 1577; baseline 0.001 -13"><span class='ocrx_word' id='word_1_299' title='bbox 133 1542 283 1569; x_wconf 75' lang='lat' dir='ltr'>scamus:</span> <span class='ocrx_word' id='word_1_300' title='bbox 309 1541 439 1573; x_wconf 90' lang='lat' dir='ltr'>nosque</span> <span class='ocrx_word' id='word_1_301' title='bbox 465 1541 506 1562; x_wconf 93' lang='lat' dir='ltr'>eo</span> <span class='ocrx_word' id='word_1_302' title='bbox 529 1530 749 1573; x_wconf 88' lang='lat' dir='ltr'>gloriosiores</span> <span class='ocrx_word' id='word_1_303' title='bbox 774 1529 909 1566; x_wconf 88' lang='lat' dir='ltr'>erimus,</span> <span class='ocrx_word' id='word_1_304' title='bbox 926 1540 994 1571; x_wconf 88' lang='lat' dir='ltr'>quo</span> <span class='ocrx_word' id='word_1_305' title='bbox 1013 1530 1204 1570; x_wconf 86' lang='lat' dir='ltr'>pauciores.</span> <span class='ocrx_word' id='word_1_306' title='bbox 1253 1528 1376 1561; x_wconf 86' lang='lat' dir='ltr'>Postea</span> <span class='ocrx_word' id='word_1_307' title='bbox 1391 1540 1492 1571; x_wconf 90' lang='lat' dir='ltr'>quam</span> <span class='ocrx_word' id='word_1_308' title='bbox 1510 1530 1649 1563; x_wconf 88' lang='lat' dir='ltr'>dicendi</span> <span class='ocrx_word' id='word_1_309' title='bbox 1669 1532 1770 1563; x_wconf 83' lang='lat' dir='ltr'>finem</span> <span class='ocrx_word' id='word_1_310' title='bbox 1788 1533 1872 1565; x_wconf 76' lang='lat' dir='ltr'>fecit</span> <span class='ocrx_word' id='word_1_311' title='bbox 1897 1534 1990 1577; x_wconf 88' lang='lat' dir='ltr'>lega-</span> 
     </span>
     <span class='ocr_line' id='line_1_33' title="bbox 132 1583 1990 1626; baseline 0.001 -9"><span class='ocrx_word' id='word_1_312' title='bbox 132 1593 196 1623; x_wconf 88' lang='lat' dir='ltr'>tus,</span> <span class='ocrx_word' id='word_1_313' title='bbox 230 1585 332 1617; x_wconf 76' lang='lat' dir='ltr'>facile</span> <span class='ocrx_word' id='word_1_314' title='bbox 366 1585 477 1616; x_wconf 91' lang='lat' dir='ltr'>eidem</span> <span class='ocrx_word' id='word_1_315' title='bbox 510 1593 628 1615; x_wconf 88' lang='lat' dir='ltr'>omnes</span> <span class='ocrx_word' id='word_1_316' title='bbox 658 1588 887 1619; x_wconf 89' lang='lat' dir='ltr'>assenserunt,</span> <span class='ocrx_word' id='word_1_317' title='bbox 912 1593 954 1614; x_wconf 91' lang='lat' dir='ltr'>ne</span> <span class='ocrx_word' id='word_1_318' title='bbox 981 1583 1114 1625; x_wconf 86' lang='lat' dir='ltr'>longius</span> <span class='ocrx_word' id='word_1_319' title='bbox 1138 1583 1346 1614; x_wconf 86' lang='lat' dir='ltr'>reluctantes</span> <span class='ocrx_word' id='word_1_320' title='bbox 1382 1583 1471 1614; x_wconf 90' lang='lat' dir='ltr'>illius</span> <span class='ocrx_word' id='word_1_321' title='bbox 1505 1590 1608 1626; x_wconf 91' lang='lat' dir='ltr'>atque</span> <span class='ocrx_word' id='word_1_322' title='bbox 1634 1586 1803 1618; x_wconf 81' lang='lat' dir='ltr'>exercitus</span> <span class='ocrx_word' id='word_1_323' title='bbox 1828 1587 1990 1620; x_wconf 88' lang='lat' dir='ltr'>invidiam</span> 
     </span>
     <span class='ocr_line' id='line_1_34' title="bbox 132 1636 1422 1684; baseline -0.003 -13"><span class='ocrx_word' id='word_1_324' title='bbox 132 1639 239 1684; x_wconf 88' lang='lat' dir='ltr'>gratis</span> <span class='ocrx_word' id='word_1_325' title='bbox 262 1639 297 1670; x_wconf 91' lang='lat' dir='ltr'>in</span> <span class='ocrx_word' id='word_1_326' title='bbox 322 1649 357 1669; x_wconf 91' lang='lat' dir='ltr'>se</span> <span class='ocrx_word' id='word_1_327' title='bbox 383 1637 607 1673; x_wconf 85' lang='lat' dir='ltr'>concitarent,</span> <span class='ocrx_word' id='word_1_328' title='bbox 633 1643 691 1668; x_wconf 91' lang='lat' dir='ltr'>aut</span> <span class='ocrx_word' id='word_1_329' title='bbox 716 1636 856 1678; x_wconf 90' lang='lat' dir='ltr'>reliquis</span> <span class='ocrx_word' id='word_1_330' title='bbox 883 1636 1153 1680; x_wconf 73' lang='lat' dir='ltr'>effeminatiores</span> <span class='ocrx_word' id='word_1_331' title='bbox 1178 1636 1422 1668; x_wconf 87' lang='lat' dir='ltr'>iudicarentur.</span> 
     </span>
    </p>
   </div>
   <div class='ocr_carea' id='block_1_10' title="bbox 379 1765 1761 1801">
    <p class='ocr_par' dir='ltr' id='par_1_10' title="bbox 379 1765 1761 1801">
     <span class='ocr_line' id='line_1_35' title="bbox 379 1765 1761 1801; baseline 0.001 -2"><span class='ocrx_word' id='word_1_332' title='bbox 379 1767 465 1799; x_wconf 72' lang='lat' dir='ltr'>Dms</span> <span class='ocrx_word' id='word_1_333' title='bbox 489 1775 781 1799; x_wconf 83' lang='lat' dir='ltr'>OPPUGNATIONIS</span> <span class='ocrx_word' id='word_1_334' title='bbox 805 1765 988 1797; x_wconf 77' lang='lat' dir='ltr'>TIPHERNI</span> <span class='ocrx_word' id='word_1_335' title='bbox 1014 1775 1051 1797; x_wconf 72' lang='lat' dir='ltr'>m</span> <span class='ocrx_word' id='word_1_336' title='bbox 1076 1775 1136 1796; x_wconf 83' lang='lat' dir='ltr'>DIE</span> <span class='ocrx_word' id='word_1_337' title='bbox 1160 1775 1236 1797; x_wconf 82' lang='lat' dir='ltr'>DIVI</span> <span class='ocrx_word' id='word_1_338' title='bbox 1261 1766 1417 1798; x_wconf 79' lang='lat' dir='ltr'>FLORIDI</span> <span class='ocrx_word' id='word_1_339' title='bbox 1446 1769 1761 1801; x_wconf 58' lang='lat' dir='ltr'>PATRONIUR13182.</span> 
     </span>
    </p>
   </div>
   <div class='ocr_carea' id='block_1_11' title="bbox 134 1859 1993 2601">
    <p class='ocr_par' dir='ltr' id='par_1_11' title="bbox 134 1859 1993 2601">
     <span class='ocr_line' id='line_1_36' title="bbox 226 1859 1993 1905; baseline 0.003 -11"><span class='ocrx_word' id='word_1_340' title='bbox 226 1863 287 1894; x_wconf 89' lang='lat' dir='ltr'>His</span> <span class='ocrx_word' id='word_1_341' title='bbox 312 1863 358 1894; x_wconf 88' lang='lat' dir='ltr'>ita</span> <span class='ocrx_word' id='word_1_342' title='bbox 375 1861 556 1897; x_wconf 76' lang='lat' dir='ltr'>confectis,</span> <span class='ocrx_word' id='word_1_343' title='bbox 582 1867 719 1902; x_wconf 87' lang='lat' dir='ltr'>postero</span> <span class='ocrx_word' id='word_1_344' title='bbox 736 1860 792 1892; x_wconf 91' lang='lat' dir='ltr'>die</span> <span class='ocrx_word' id='word_1_345' title='bbox 809 1860 862 1890; x_wconf 76' lang='lat' dir='ltr'>X1⁰</span> <span class='ocrx_word' id='word_1_346' title='bbox 886 1859 1053 1891; x_wconf 89' lang='lat' dir='ltr'>kalendas</span> <span class='ocrx_word' id='word_1_347' title='bbox 1070 1859 1283 1901; x_wconf 89' lang='lat' dir='ltr'>septembris,</span> <span class='ocrx_word' id='word_1_348' title='bbox 1300 1861 1357 1902; x_wconf 92' lang='lat' dir='ltr'>qui</span> <span class='ocrx_word' id='word_1_349' title='bbox 1375 1860 1454 1892; x_wconf 91' lang='lat' dir='ltr'>divo</span> <span class='ocrx_word' id='word_1_350' title='bbox 1472 1861 1611 1893; x_wconf 89' lang='lat' dir='ltr'>Florido</span> <span class='ocrx_word' id='word_1_351' title='bbox 1630 1863 1721 1895; x_wconf 87' lang='lat' dir='ltr'>urbis</span> <span class='ocrx_word' id='word_1_352' title='bbox 1739 1871 1881 1905; x_wconf 87' lang='lat' dir='ltr'>patrono</span> <span class='ocrx_word' id='word_1_353' title='bbox 1899 1866 1993 1899; x_wconf 89' lang='lat' dir='ltr'>dica-</span> 
     </span>
     <span class='ocr_line' id='line_1_37' title="bbox 134 1913 1993 1962; baseline 0.001 -12"><span class='ocrx_word' id='word_1_354' title='bbox 134 1924 188 1950; x_wconf 88' lang='lat' dir='ltr'>tus</span> <span class='ocrx_word' id='word_1_355' title='bbox 212 1923 273 1953; x_wconf 87' lang='lat' dir='ltr'>est,</span> <span class='ocrx_word' id='word_1_356' title='bbox 298 1915 453 1948; x_wconf 89' lang='lat' dir='ltr'>omnibus</span> <span class='ocrx_word' id='word_1_357' title='bbox 478 1914 614 1946; x_wconf 91' lang='lat' dir='ltr'>coactis&#39;</span> <span class='ocrx_word' id='word_1_358' title='bbox 639 1914 809 1956; x_wconf 88' lang='lat' dir='ltr'>equitatus</span> <span class='ocrx_word' id='word_1_359' title='bbox 835 1913 1074 1955; x_wconf 88' lang='lat' dir='ltr'>peditatusque</span> <span class='ocrx_word' id='word_1_360' title='bbox 1092 1914 1210 1954; x_wconf 79' lang='lat' dir='ltr'>copiis,</span> <span class='ocrx_word' id='word_1_361' title='bbox 1226 1914 1332 1955; x_wconf 90' lang='lat' dir='ltr'>prima</span> <span class='ocrx_word' id='word_1_362' title='bbox 1352 1914 1427 1946; x_wconf 92' lang='lat' dir='ltr'>luce</span> <span class='ocrx_word' id='word_1_363' title='bbox 1455 1915 1555 1947; x_wconf 80' lang='lat' dir='ltr'>factis</span> <span class='ocrx_word' id='word_1_364' title='bbox 1573 1915 1799 1955; x_wconf 87' lang='lat' dir='ltr'>libaminibus,</span> <span class='ocrx_word' id='word_1_365' title='bbox 1824 1919 1868 1951; x_wconf 91' lang='lat' dir='ltr'>ad</span> <span class='ocrx_word' id='word_1_366' title='bbox 1886 1931 1993 1962; x_wconf 90' lang='lat' dir='ltr'>oppu-</span> 
     </span>
     <span class='ocr_line' id='line_1_38' title="bbox 134 1967 1993 2014; baseline 0.003 -13"><span class='ocrx_word' id='word_1_367' title='bbox 134 1970 309 2014; x_wconf 84' lang='lat' dir='ltr'>gnandum</span> <span class='ocrx_word' id='word_1_368' title='bbox 327 1968 446 2001; x_wconf 89' lang='lat' dir='ltr'>urbem</span> <span class='ocrx_word' id='word_1_369' title='bbox 464 1979 538 2000; x_wconf 91' lang='lat' dir='ltr'>sese</span> <span class='ocrx_word' id='word_1_370' title='bbox 564 1974 702 2009; x_wconf 89' lang='lat' dir='ltr'>parant:</span> <span class='ocrx_word' id='word_1_371' title='bbox 720 1967 831 2009; x_wconf 89' lang='lat' dir='ltr'>parari</span> <span class='ocrx_word' id='word_1_372' title='bbox 850 1967 939 1998; x_wconf 89' lang='lat' dir='ltr'>enim</span> <span class='ocrx_word' id='word_1_373' title='bbox 957 1978 1019 2008; x_wconf 90' lang='lat' dir='ltr'>per</span> <span class='ocrx_word' id='word_1_374' title='bbox 1044 1967 1277 2008; x_wconf 85' lang='lat' dir='ltr'>exploratores</span> <span class='ocrx_word' id='word_1_375' title='bbox 1302 1968 1554 2003; x_wconf 85' lang='lat' dir='ltr'>nuntiabantur,</span> <span class='ocrx_word' id='word_1_376' title='bbox 1572 1976 1605 2001; x_wconf 91' lang='lat' dir='ltr'>et</span> <span class='ocrx_word' id='word_1_377' title='bbox 1622 1977 1759 2012; x_wconf 91' lang='lat' dir='ltr'>praeter</span> <span class='ocrx_word' id='word_1_378' title='bbox 1776 1975 1993 2006; x_wconf 90' lang='lat' dir='ltr'>consuetudi-</span> 
     </span>
     <span class='ocr_line' id='line_1_39' title="bbox 135 2021 1993 2066; baseline 0.002 -9"><span class='ocrx_word' id='word_1_379' title='bbox 135 2035 214 2057; x_wconf 92' lang='lat' dir='ltr'>nem</span> <span class='ocrx_word' id='word_1_380' title='bbox 230 2024 308 2056; x_wconf 90' lang='lat' dir='ltr'>totis</span> <span class='ocrx_word' id='word_1_381' title='bbox 325 2023 444 2055; x_wconf 89' lang='lat' dir='ltr'>castris</span> <span class='ocrx_word' id='word_1_382' title='bbox 457 2022 663 2058; x_wconf 88' lang='lat' dir='ltr'>tumultuari,</span> <span class='ocrx_word' id='word_1_383' title='bbox 680 2021 781 2062; x_wconf 90' lang='lat' dir='ltr'>paulo</span> <span class='ocrx_word' id='word_1_384' title='bbox 795 2027 870 2062; x_wconf 89' lang='lat' dir='ltr'>post</span> <span class='ocrx_word' id='word_1_385' title='bbox 884 2021 1065 2052; x_wconf 85' lang='lat' dir='ltr'>instructas</span> <span class='ocrx_word' id='word_1_386' title='bbox 1077 2021 1170 2052; x_wconf 90' lang='lat' dir='ltr'>acies</span> <span class='ocrx_word' id='word_1_387' title='bbox 1183 2021 1369 2053; x_wconf 89' lang='lat' dir='ltr'>deducunt.</span> <span class='ocrx_word' id='word_1_388' title='bbox 1393 2022 1440 2054; x_wconf 90' lang='lat' dir='ltr'>At</span> <span class='ocrx_word' id='word_1_389' title='bbox 1457 2023 1490 2053; x_wconf 80' lang='lat' dir='ltr'>hi</span> <span class='ocrx_word' id='word_1_390' title='bbox 1507 2023 1565 2064; x_wconf 92' lang='lat' dir='ltr'>qui</span> <span class='ocrx_word' id='word_1_391' title='bbox 1578 2023 1613 2054; x_wconf 91' lang='lat' dir='ltr'>in</span> <span class='ocrx_word' id='word_1_392' title='bbox 1629 2025 1860 2066; x_wconf 85' lang='lat' dir='ltr'>superioribus</span> <span class='ocrx_word' id='word_1_393' title='bbox 1873 2029 1993 2060; x_wconf 90' lang='lat' dir='ltr'>castris</span> 
     </span>
     <span class='ocr_line' id='line_1_40' title="bbox 135 2074 1992 2122; baseline 0.002 -12"><span class='ocrx_word' id='word_1_394' title='bbox 135 2078 282 2114; x_wconf 79' lang='lat' dir='ltr'>fuerant,</span> <span class='ocrx_word' id='word_1_395' title='bbox 305 2076 350 2108; x_wconf 91' lang='lat' dir='ltr'>ad</span> <span class='ocrx_word' id='word_1_396' title='bbox 375 2082 507 2118; x_wconf 91' lang='lat' dir='ltr'>portam</span> <span class='ocrx_word' id='word_1_397' title='bbox 524 2074 825 2116; x_wconf 86' lang='lat' dir='ltr'>septentrionalem</span> <span class='ocrx_word' id='word_1_398' title='bbox 853 2074 1039 2115; x_wconf 79' lang='lat' dir='ltr'>proximam</span> <span class='ocrx_word' id='word_1_399' title='bbox 1069 2074 1280 2106; x_wconf 87' lang='lat' dir='ltr'>contendunt</span> <span class='ocrx_word' id='word_1_400' title='bbox 1304 2075 1572 2118; x_wconf 79' lang='lat' dir='ltr'>frequentesque</span> <span class='ocrx_word' id='word_1_401' title='bbox 1597 2078 1801 2115; x_wconf 86' lang='lat' dir='ltr'>consistunt;</span> <span class='ocrx_word' id='word_1_402' title='bbox 1825 2080 1882 2122; x_wconf 91' lang='lat' dir='ltr'>qui</span> <span class='ocrx_word' id='word_1_403' title='bbox 1912 2091 1992 2113; x_wconf 91' lang='lat' dir='ltr'>vero</span> 
     </span>
     <span class='ocr_line' id='line_1_41' title="bbox 137 2127 1993 2175; baseline 0.001 -12"><span class='ocrx_word' id='word_1_404' title='bbox 137 2132 172 2163; x_wconf 92' lang='lat' dir='ltr'>in</span> <span class='ocrx_word' id='word_1_405' title='bbox 196 2129 417 2162; x_wconf 70' lang='lat' dir='ltr'>inferioribus</span> <span class='ocrx_word' id='word_1_406' title='bbox 440 2128 642 2165; x_wconf 86' lang='lat' dir='ltr'>militabant,</span> <span class='ocrx_word' id='word_1_407' title='bbox 657 2128 691 2159; x_wconf 89' lang='lat' dir='ltr'>in</span> <span class='ocrx_word' id='word_1_408' title='bbox 715 2128 801 2159; x_wconf 89' lang='lat' dir='ltr'>duas</span> <span class='ocrx_word' id='word_1_409' title='bbox 825 2134 940 2168; x_wconf 92' lang='lat' dir='ltr'>partes</span> <span class='ocrx_word' id='word_1_410' title='bbox 964 2127 1173 2163; x_wconf 82' lang='lat' dir='ltr'>dividuntur,</span> <span class='ocrx_word' id='word_1_411' title='bbox 1199 2128 1317 2159; x_wconf 92' lang='lat' dir='ltr'>harum</span> <span class='ocrx_word' id='word_1_412' title='bbox 1344 2139 1424 2170; x_wconf 91' lang='lat' dir='ltr'>pars</span> <span class='ocrx_word' id='word_1_413' title='bbox 1448 2129 1556 2160; x_wconf 86' lang='lat' dir='ltr'>altera</span> <span class='ocrx_word' id='word_1_414' title='bbox 1585 2131 1843 2164; x_wconf 90' lang='lat' dir='ltr'>meridionalem</span> <span class='ocrx_word' id='word_1_415' title='bbox 1861 2141 1993 2175; x_wconf 81' lang='lat' dir='ltr'>portam</span> 
     </span>
     <span class='ocr_line' id='line_1_42' title="bbox 138 2180 1991 2227; baseline 0.002 -11"><span class='ocrx_word' id='word_1_416' title='bbox 138 2185 233 2227; x_wconf 87' lang='lat' dir='ltr'>petit,</span> <span class='ocrx_word' id='word_1_417' title='bbox 257 2184 366 2215; x_wconf 83' lang='lat' dir='ltr'>altera</span> <span class='ocrx_word' id='word_1_418' title='bbox 390 2182 595 2214; x_wconf 89' lang='lat' dir='ltr'>munitiones</span> <span class='ocrx_word' id='word_1_419' title='bbox 619 2181 732 2223; x_wconf 90' lang='lat' dir='ltr'>pontis</span> <span class='ocrx_word' id='word_1_420' title='bbox 749 2187 987 2223; x_wconf 83' lang='lat' dir='ltr'>oppugnatura</span> <span class='ocrx_word' id='word_1_421' title='bbox 1012 2181 1098 2212; x_wconf 88' lang='lat' dir='ltr'>ultra</span> <span class='ocrx_word' id='word_1_422' title='bbox 1128 2180 1294 2224; x_wconf 90' lang='lat' dir='ltr'>Tyberim</span> <span class='ocrx_word' id='word_1_423' title='bbox 1312 2183 1517 2214; x_wconf 80' lang='lat' dir='ltr'>extenditur.</span> <span class='ocrx_word' id='word_1_424' title='bbox 1565 2183 1651 2214; x_wconf 91' lang='lat' dir='ltr'>Dum</span> <span class='ocrx_word' id='word_1_425' title='bbox 1670 2185 1784 2227; x_wconf 92' lang='lat' dir='ltr'>itaque</span> <span class='ocrx_word' id='word_1_426' title='bbox 1802 2190 1991 2220; x_wconf 79' lang='lat' dir='ltr'>conserturi</span> 
     </span>
     <span class='ocr_line' id='line_1_43' title="bbox 138 2233 1989 2284; baseline 0.001 -14"><span class='ocrx_word' id='word_1_427' title='bbox 138 2244 252 2270; x_wconf 87' lang='lat' dir='ltr'>essent</span> <span class='ocrx_word' id='word_1_428' title='bbox 276 2236 432 2279; x_wconf 85' lang='lat' dir='ltr'>prelium,</span> <span class='ocrx_word' id='word_1_429' title='bbox 457 2241 491 2267; x_wconf 93' lang='lat' dir='ltr'>et</span> <span class='ocrx_word' id='word_1_430' title='bbox 516 2234 596 2267; x_wconf 89' lang='lat' dir='ltr'>belli</span> <span class='ocrx_word' id='word_1_431' title='bbox 622 2235 728 2267; x_wconf 91' lang='lat' dir='ltr'>duces</span> <span class='ocrx_word' id='word_1_432' title='bbox 754 2245 819 2265; x_wconf 89' lang='lat' dir='ltr'>una</span> <span class='ocrx_word' id='word_1_433' title='bbox 852 2244 928 2266; x_wconf 88' lang='lat' dir='ltr'>cum</span> <span class='ocrx_word' id='word_1_434' title='bbox 962 2233 1134 2275; x_wconf 87' lang='lat' dir='ltr'>peditibus</span> <span class='ocrx_word' id='word_1_435' title='bbox 1158 2241 1306 2266; x_wconf 88' lang='lat' dir='ltr'>armatos</span> <span class='ocrx_word' id='word_1_436' title='bbox 1331 2236 1463 2277; x_wconf 90' lang='lat' dir='ltr'>equites</span> <span class='ocrx_word' id='word_1_437' title='bbox 1487 2235 1606 2268; x_wconf 88' lang='lat' dir='ltr'>iubent</span> <span class='ocrx_word' id='word_1_438' title='bbox 1630 2238 1830 2278; x_wconf 71' lang='lat' dir='ltr'>precedere,</span> <span class='ocrx_word' id='word_1_439' title='bbox 1862 2249 1989 2284; x_wconf 88' lang='lat' dir='ltr'>negant</span> 
     </span>
     <span class='ocr_line' id='line_1_44' title="bbox 138 2287 1991 2338; baseline 0.002 -15"><span class='ocrx_word' id='word_1_440' title='bbox 138 2291 271 2334; x_wconf 88' lang='lat' dir='ltr'>equites</span> <span class='ocrx_word' id='word_1_441' title='bbox 295 2290 385 2321; x_wconf 88' lang='lat' dir='ltr'>iussa</span> <span class='ocrx_word' id='word_1_442' title='bbox 410 2288 546 2324; x_wconf 90' lang='lat' dir='ltr'>subire;</span> <span class='ocrx_word' id='word_1_443' title='bbox 572 2294 688 2319; x_wconf 82' lang='lat' dir='ltr'>exorta</span> <span class='ocrx_word' id='word_1_444' title='bbox 721 2287 947 2324; x_wconf 86' lang='lat' dir='ltr'>contoversia,</span> <span class='ocrx_word' id='word_1_445' title='bbox 979 2287 1114 2328; x_wconf 87' lang='lat' dir='ltr'>pedites</span> <span class='ocrx_word' id='word_1_446' title='bbox 1145 2298 1181 2319; x_wconf 89' lang='lat' dir='ltr'>se</span> <span class='ocrx_word' id='word_1_447' title='bbox 1214 2288 1361 2320; x_wconf 88' lang='lat' dir='ltr'>inermes</span> <span class='ocrx_word' id='word_1_448' title='bbox 1385 2289 1574 2334; x_wconf 65' lang='lat' dir='ltr'>predicant,</span> <span class='ocrx_word' id='word_1_449' title='bbox 1600 2296 1633 2322; x_wconf 90' lang='lat' dir='ltr'>et</span> <span class='ocrx_word' id='word_1_450' title='bbox 1664 2291 1819 2323; x_wconf 92' lang='lat' dir='ltr'>menibus</span> <span class='ocrx_word' id='word_1_451' title='bbox 1851 2294 1991 2338; x_wconf 84' lang='lat' dir='ltr'>integris</span> 
     </span>
     <span class='ocr_line' id='line_1_45' title="bbox 137 2341 1991 2388; baseline 0.002 -12"><span class='ocrx_word' id='word_1_452' title='bbox 137 2355 260 2387; x_wconf 90' lang='lat' dir='ltr'>parere</span> <span class='ocrx_word' id='word_1_453' title='bbox 285 2343 514 2385; x_wconf 88' lang='lat' dir='ltr'>perniciosum</span> <span class='ocrx_word' id='word_1_454' title='bbox 533 2342 735 2378; x_wconf 81' lang='lat' dir='ltr'>existimant,</span> <span class='ocrx_word' id='word_1_455' title='bbox 752 2352 793 2373; x_wconf 87' lang='lat' dir='ltr'>ac</span> <span class='ocrx_word' id='word_1_456' title='bbox 819 2341 920 2373; x_wconf 86' lang='lat' dir='ltr'>etiam</span> <span class='ocrx_word' id='word_1_457' title='bbox 945 2341 980 2373; x_wconf 89' lang='lat' dir='ltr'>id</span> <span class='ocrx_word' id='word_1_458' title='bbox 1006 2351 1080 2372; x_wconf 88' lang='lat' dir='ltr'>esse</span> <span class='ocrx_word' id='word_1_459' title='bbox 1105 2347 1224 2373; x_wconf 86' lang='lat' dir='ltr'>contra</span> <span class='ocrx_word' id='word_1_460' title='bbox 1249 2342 1297 2373; x_wconf 89' lang='lat' dir='ltr'>rei</span> <span class='ocrx_word' id='word_1_461' title='bbox 1323 2342 1477 2374; x_wconf 90' lang='lat' dir='ltr'>militaris</span> <span class='ocrx_word' id='word_1_462' title='bbox 1501 2343 1735 2385; x_wconf 82' lang='lat' dir='ltr'>disciplinam:</span> <span class='ocrx_word' id='word_1_463' title='bbox 1753 2347 1885 2388; x_wconf 88' lang='lat' dir='ltr'>equites</span> <span class='ocrx_word' id='word_1_464' title='bbox 1910 2359 1991 2381; x_wconf 85' lang='lat' dir='ltr'>vero</span> 
     </span>
     <span class='ocr_line' id='line_1_46' title="bbox 137 2394 1992 2440; baseline 0.002 -10"><span class='ocrx_word' id='word_1_465' title='bbox 137 2404 253 2440; x_wconf 89' lang='lat' dir='ltr'>partes</span> <span class='ocrx_word' id='word_1_466' title='bbox 277 2407 355 2429; x_wconf 87' lang='lat' dir='ltr'>suas</span> <span class='ocrx_word' id='word_1_467' title='bbox 379 2396 536 2439; x_wconf 90' lang='lat' dir='ltr'>inquiunt</span> <span class='ocrx_word' id='word_1_468' title='bbox 552 2394 725 2437; x_wconf 88' lang='lat' dir='ltr'>peditibus</span> <span class='ocrx_word' id='word_1_469' title='bbox 741 2406 760 2426; x_wconf 94' lang='lat' dir='ltr'>a</span> <span class='ocrx_word' id='word_1_470' title='bbox 778 2401 875 2437; x_wconf 85' lang='lat' dir='ltr'>tergo</span> <span class='ocrx_word' id='word_1_471' title='bbox 893 2395 1080 2432; x_wconf 86' lang='lat' dir='ltr'>imminere,</span> <span class='ocrx_word' id='word_1_472' title='bbox 1097 2404 1138 2426; x_wconf 94' lang='lat' dir='ltr'>ac</span> <span class='ocrx_word' id='word_1_473' title='bbox 1156 2395 1345 2436; x_wconf 87' lang='lat' dir='ltr'>peditatum</span> <span class='ocrx_word' id='word_1_474' title='bbox 1363 2397 1470 2438; x_wconf 88' lang='lat' dir='ltr'>sequi.</span> <span class='ocrx_word' id='word_1_475' title='bbox 1518 2396 1594 2428; x_wconf 92' lang='lat' dir='ltr'>Nec</span> <span class='ocrx_word' id='word_1_476' title='bbox 1611 2397 1660 2428; x_wconf 84' lang='lat' dir='ltr'>eis</span> <span class='ocrx_word' id='word_1_477' title='bbox 1677 2398 1824 2431; x_wconf 85' lang='lat' dir='ltr'>salutare</span> <span class='ocrx_word' id='word_1_478' title='bbox 1844 2400 1992 2433; x_wconf 77' lang='lat' dir='ltr'>futurum</span> 
     </span>
     <span class='ocr_line' id='line_1_47' title="bbox 139 2448 1993 2494; baseline 0.001 -12"><span class='ocrx_word' id='word_1_479' title='bbox 139 2463 181 2484; x_wconf 81' lang='lat' dir='ltr'>ex</span> <span class='ocrx_word' id='word_1_480' title='bbox 197 2451 294 2494; x_wconf 88' lang='lat' dir='ltr'>equis</span> <span class='ocrx_word' id='word_1_481' title='bbox 310 2449 524 2482; x_wconf 89' lang='lat' dir='ltr'>descendere</span> <span class='ocrx_word' id='word_1_482' title='bbox 541 2455 608 2481; x_wconf 88' lang='lat' dir='ltr'>tam</span> <span class='ocrx_word' id='word_1_483' title='bbox 627 2448 749 2491; x_wconf 89' lang='lat' dir='ltr'>grandi</span> <span class='ocrx_word' id='word_1_484' title='bbox 773 2458 943 2479; x_wconf 89' lang='lat' dir='ltr'>armorum</span> <span class='ocrx_word' id='word_1_485' title='bbox 967 2448 1121 2489; x_wconf 87' lang='lat' dir='ltr'>pondere</span> <span class='ocrx_word' id='word_1_486' title='bbox 1133 2455 1304 2491; x_wconf 85' lang='lat' dir='ltr'>gravatos,</span> <span class='ocrx_word' id='word_1_487' title='bbox 1321 2460 1398 2480; x_wconf 90' lang='lat' dir='ltr'>cum</span> <span class='ocrx_word' id='word_1_488' title='bbox 1415 2450 1527 2487; x_wconf 90' lang='lat' dir='ltr'>etiam,</span> <span class='ocrx_word' id='word_1_489' title='bbox 1545 2451 1679 2482; x_wconf 89' lang='lat' dir='ltr'>nemine</span> <span class='ocrx_word' id='word_1_490' title='bbox 1698 2452 1917 2493; x_wconf 83' lang='lat' dir='ltr'>impediente,</span> <span class='ocrx_word' id='word_1_491' title='bbox 1939 2456 1993 2487; x_wconf 68' lang='lat' dir='ltr'>vix</span> 
     </span>
     <span class='ocr_line' id='line_1_48' title="bbox 139 2501 1993 2545; baseline 0.002 -9"><span class='ocrx_word' id='word_1_492' title='bbox 139 2505 276 2536; x_wconf 89' lang='lat' dir='ltr'>valeant</span> <span class='ocrx_word' id='word_1_493' title='bbox 299 2503 344 2535; x_wconf 88' lang='lat' dir='ltr'>ad</span> <span class='ocrx_word' id='word_1_494' title='bbox 369 2503 480 2534; x_wconf 88' lang='lat' dir='ltr'>menia</span> <span class='ocrx_word' id='word_1_495' title='bbox 506 2502 598 2533; x_wconf 89' lang='lat' dir='ltr'>eniti.</span> <span class='ocrx_word' id='word_1_496' title='bbox 647 2502 814 2533; x_wconf 88' lang='lat' dir='ltr'>Discussis</span> <span class='ocrx_word' id='word_1_497' title='bbox 839 2501 1200 2544; x_wconf 87' lang='lat' dir='ltr'>argumentationibus,</span> <span class='ocrx_word' id='word_1_498' title='bbox 1236 2502 1370 2543; x_wconf 87' lang='lat' dir='ltr'>pedites</span> <span class='ocrx_word' id='word_1_499' title='bbox 1395 2503 1429 2533; x_wconf 90' lang='lat' dir='ltr'>in</span> <span class='ocrx_word' id='word_1_500' title='bbox 1455 2504 1622 2535; x_wconf 90' lang='lat' dir='ltr'>sententia</span> <span class='ocrx_word' id='word_1_501' title='bbox 1647 2505 1798 2545; x_wconf 89' lang='lat' dir='ltr'>potiores</span> <span class='ocrx_word' id='word_1_502' title='bbox 1826 2508 1993 2543; x_wconf 86' lang='lat' dir='ltr'>evadunt:</span> 
     </span>
     <span class='ocr_line' id='line_1_49' title="bbox 140 2555 1993 2601; baseline 0.002 -11"><span class='ocrx_word' id='word_1_503' title='bbox 140 2559 273 2601; x_wconf 87' lang='lat' dir='ltr'>equites</span> <span class='ocrx_word' id='word_1_504' title='bbox 290 2558 404 2599; x_wconf 89' lang='lat' dir='ltr'>itaque</span> <span class='ocrx_word' id='word_1_505' title='bbox 428 2556 654 2592; x_wconf 89' lang='lat' dir='ltr'>descendunt,</span> <span class='ocrx_word' id='word_1_506' title='bbox 679 2561 713 2587; x_wconf 90' lang='lat' dir='ltr'>et</span> <span class='ocrx_word' id='word_1_507' title='bbox 737 2566 773 2586; x_wconf 90' lang='lat' dir='ltr'>se</span> <span class='ocrx_word' id='word_1_508' title='bbox 798 2566 874 2587; x_wconf 91' lang='lat' dir='ltr'>cum</span> <span class='ocrx_word' id='word_1_509' title='bbox 900 2555 1072 2596; x_wconf 91' lang='lat' dir='ltr'>peditibus</span> <span class='ocrx_word' id='word_1_510' title='bbox 1095 2555 1221 2598; x_wconf 86' lang='lat' dir='ltr'>galeati</span> <span class='ocrx_word' id='word_1_511' title='bbox 1239 2556 1476 2599; x_wconf 86' lang='lat' dir='ltr'>accinguntur,</span> <span class='ocrx_word' id='word_1_512' title='bbox 1494 2567 1678 2599; x_wconf 92' lang='lat' dir='ltr'>parumper</span> <span class='ocrx_word' id='word_1_513' title='bbox 1695 2559 1729 2589; x_wconf 90' lang='lat' dir='ltr'>in</span> <span class='ocrx_word' id='word_1_514' title='bbox 1745 2559 1886 2601; x_wconf 88' lang='lat' dir='ltr'>planitie</span> <span class='ocrx_word' id='word_1_515' title='bbox 1912 2572 1993 2594; x_wconf 92' lang='lat' dir='ltr'>con-</span> 
     </span>
    </p>
   </div>
   <div class='ocr_carea' id='block_1_12' title="bbox 138 2722 1992 3010">
    <p class='ocr_par' dir='ltr' id='par_1_12' title="bbox 138 2722 1992 2843">
     <span class='ocr_line' id='line_1_50' title="bbox 226 2722 1926 2759; baseline 0.001 -10"><span class='ocrx_word' id='word_1_516' title='bbox 226 2723 234 2740; x_wconf 87' lang='lat'><strong>¹</strong></span> <span class='ocrx_word' id='word_1_517' title='bbox 264 2725 303 2749; x_wconf 80' lang='lat' dir='ltr'>Le</span> <span class='ocrx_word' id='word_1_518' title='bbox 332 2724 428 2757; x_wconf 84' lang='lat' dir='ltr'>parole</span> <span class='ocrx_word' id='word_1_519' title='bbox 455 2724 499 2747; x_wconf 87' lang='lat' dir='ltr'>del</span> <span class='ocrx_word' id='word_1_520' title='bbox 526 2722 633 2755; x_wconf 82' lang='lat' dir='ltr'>Legato</span> <span class='ocrx_word' id='word_1_521' title='bbox 667 2730 723 2746; x_wconf 87' lang='lat' dir='ltr'>non</span> <span class='ocrx_word' id='word_1_522' title='bbox 757 2722 986 2754; x_wconf 85' lang='lat' dir='ltr'>corrispondono</span> <span class='ocrx_word' id='word_1_523' title='bbox 1020 2731 1034 2747; x_wconf 83' lang='lat' dir='ltr'>a</span> <span class='ocrx_word' id='word_1_524' title='bbox 1091 2723 1164 2746; x_wconf 77' lang='lat' dir='ltr'>Serie</span> <span class='ocrx_word' id='word_1_525' title='bbox 1183 2722 1370 2754; x_wconf 80' lang='lat' dir='ltr'>Episcoporum</span> <span class='ocrx_word' id='word_1_526' title='bbox 1391 2723 1551 2747; x_wconf 73' lang='lat' dir='ltr'>FRANetscx</span> <span class='ocrx_word' id='word_1_527' title='bbox 1571 2723 1692 2748; x_wconf 72' lang='lat' dir='ltr'>IGNA&#39;ru</span> <span class='ocrx_word' id='word_1_528' title='bbox 1713 2725 1843 2750; x_wconf 60' lang='lat' dir='ltr'>Lazzskt</span> <span class='ocrx_word' id='word_1_529' title='bbox 1865 2728 1926 2759; x_wconf 81' lang='lat' dir='ltr'><strong>(M).</strong></span> 
     </span>
     <span class='ocr_line' id='line_1_51' title="bbox 138 2764 1992 2799; baseline 0.002 -7"><span class='ocrx_word' id='word_1_530' title='bbox 138 2765 229 2792; x_wconf 65' lang='lat' dir='ltr'>verita</span> <span class='ocrx_word' id='word_1_531' title='bbox 243 2774 323 2791; x_wconf 90' lang='lat' dir='ltr'>come</span> <span class='ocrx_word' id='word_1_532' title='bbox 337 2767 365 2790; x_wconf 89' lang='lat'>10</span> <span class='ocrx_word' id='word_1_533' title='bbox 378 2766 555 2790; x_wconf 84' lang='lat' dir='ltr'>dimostrano</span> <span class='ocrx_word' id='word_1_534' title='bbox 576 2765 762 2789; x_wconf 80' lang='lat' dir='ltr'>idocumenti</span> <span class='ocrx_word' id='word_1_535' title='bbox 777 2765 859 2788; x_wconf 81' lang='lat' dir='ltr'>citati</span> <span class='ocrx_word' id='word_1_536' title='bbox 876 2765 920 2789; x_wconf 82' lang='lat' dir='ltr'>nel</span> <span class='ocrx_word' id='word_1_537' title='bbox 936 2768 1035 2789; x_wconf 87' lang='lat' dir='ltr'>nostro</span> <span class='ocrx_word' id='word_1_538' title='bbox 1179 2764 1215 2789; x_wconf 88' lang='lat' dir='ltr'>Su</span> <span class='ocrx_word' id='word_1_539' title='bbox 1236 2772 1286 2789; x_wconf 87' lang='lat' dir='ltr'>san</span> <span class='ocrx_word' id='word_1_540' title='bbox 1308 2765 1426 2790; x_wconf 80' lang='lat' dir='ltr'>Florido</span> <span class='ocrx_word' id='word_1_541' title='bbox 1454 2773 1576 2790; x_wconf 81' lang='lat' dir='ltr'>vescovo</span> <span class='ocrx_word' id='word_1_542' title='bbox 1596 2766 1626 2791; x_wconf 84' lang='lat' dir='ltr'>di</span> <span class='ocrx_word' id='word_1_543' title='bbox 1645 2765 1725 2792; x_wconf 73' lang='lat' dir='ltr'>Cittit</span> <span class='ocrx_word' id='word_1_544' title='bbox 1748 2769 1775 2792; x_wconf 84' lang='lat' dir='ltr'>di</span> <span class='ocrx_word' id='word_1_545' title='bbox 1798 2767 1935 2799; x_wconf 76' lang='lat' dir='ltr'>Castello,</span> <span class='ocrx_word' id='word_1_546' title='bbox 1956 2772 1992 2795; x_wconf 76' lang='lat' dir='ltr'>ri-</span> 
     </span>
     <span class='ocr_line' id='line_1_52' title="bbox 138 2808 1990 2843; baseline 0.002 -9"><span class='ocrx_word' id='word_1_547' title='bbox 138 2817 231 2835; x_wconf 84' lang='lat' dir='ltr'>cenno</span> <span class='ocrx_word' id='word_1_548' title='bbox 251 2810 371 2834; x_wconf 80' lang='lat' dir='ltr'>storieo.</span> <span class='ocrx_word' id='word_1_549' title='bbox 1091 2808 1209 2832; x_wconf 89' lang='lat' dir='ltr'>cordato</span> <span class='ocrx_word' id='word_1_550' title='bbox 1229 2815 1282 2832; x_wconf 90' lang='lat' dir='ltr'>con</span> <span class='ocrx_word' id='word_1_551' title='bbox 1304 2815 1392 2832; x_wconf 92' lang='lat' dir='ltr'>onore</span> <span class='ocrx_word' id='word_1_552' title='bbox 1412 2816 1426 2832; x_wconf 93' lang='lat' dir='ltr'>e</span> <span class='ocrx_word' id='word_1_553' title='bbox 1445 2810 1633 2833; x_wconf 83' lang='lat' dir='ltr'>venerazione</span> <span class='ocrx_word' id='word_1_554' title='bbox 1653 2811 1697 2834; x_wconf 90' lang='lat' dir='ltr'>nei</span> <span class='ocrx_word' id='word_1_555' title='bbox 1719 2811 1892 2843; x_wconf 67' lang='lat' dir='ltr'>Dialogbtdi</span> <span class='ocrx_word' id='word_1_556' title='bbox 1914 2813 1990 2838; x_wconf 70' lang='lat' dir='ltr'>Gne-</span> 
     </span>
    </p>

    <p class='ocr_par' dir='ltr' id='par_1_13' title="bbox 138 2849 1988 3010">
     <span class='ocr_line' id='line_1_53' title="bbox 225 2849 1987 2883; baseline 0.002 -7"><span class='ocrx_word' id='word_1_557' title='bbox 225 2851 234 2867; x_wconf 77' lang='lat'><strong>²</strong></span> <span class='ocrx_word' id='word_1_558' title='bbox 256 2852 432 2881; x_wconf 65' lang='lat' dir='ltr'>Ummruus,</span> <span class='ocrx_word' id='word_1_559' title='bbox 453 2849 545 2875; x_wconf 73' lang='lat' dir='ltr'>ltaliae</span> <span class='ocrx_word' id='word_1_560' title='bbox 566 2849 675 2877; x_wconf 74' lang='lat' dir='ltr'>Sacrae,</span> <span class='ocrx_word' id='word_1_561' title='bbox 690 2851 765 2874; x_wconf 86' lang='lat' dir='ltr'>tom:</span> <span class='ocrx_word' id='word_1_562' title='bbox 787 2849 808 2879; x_wconf 84' lang='lat'>1,</span> <span class='ocrx_word' id='word_1_563' title='bbox 829 2849 1037 2881; x_wconf 80' lang='lat' dir='ltr'>Tiphernatum</span> <span class='ocrx_word' id='word_1_564' title='bbox 1091 2856 1182 2874; x_wconf 80' lang='lat' dir='ltr'>como</span> <span class='ocrx_word' id='word_1_565' title='bbox 1202 2850 1324 2879; x_wconf 71' lang='lat' dir='ltr'>MAGNO,</span> <span class='ocrx_word' id='word_1_566' title='bbox 1346 2850 1440 2874; x_wconf 74' lang='lat' dir='ltr'>vedast</span> <span class='ocrx_word' id='word_1_567' title='bbox 1456 2851 1482 2874; x_wconf 87' lang='lat' dir='ltr'>la</span> <span class='ocrx_word' id='word_1_568' title='bbox 1497 2851 1634 2883; x_wconf 75' lang='lat' dir='ltr'>leggenda</span> <span class='ocrx_word' id='word_1_569' title='bbox 1644 2854 1810 2877; x_wconf 75' lang='lat' dir='ltr'>conservata</span> <span class='ocrx_word' id='word_1_570' title='bbox 1826 2854 1870 2878; x_wconf 88' lang='lat' dir='ltr'>nel</span> <span class='ocrx_word' id='word_1_571' title='bbox 1885 2855 1987 2880; x_wconf 83' lang='lat' dir='ltr'>codice</span> 
     </span>
     <span class='ocr_line' id='line_1_54' title="bbox 139 2891 1988 2929; baseline 0 -9"><span class='ocrx_word' id='word_1_572' title='bbox 139 2898 291 2929; x_wconf 76' lang='lat' dir='ltr'>patronum</span> <span class='ocrx_word' id='word_1_573' title='bbox 305 2894 430 2918; x_wconf 83' lang='lat' dir='ltr'>ostendit</span> <span class='ocrx_word' id='word_1_574' title='bbox 451 2893 549 2916; x_wconf 86' lang='lat' dir='ltr'>dlvum</span> <span class='ocrx_word' id='word_1_575' title='bbox 564 2892 711 2916; x_wconf 85' lang='lat' dir='ltr'>Floridum</span> <span class='ocrx_word' id='word_1_576' title='bbox 725 2892 898 2924; x_wconf 80' lang='lat' dir='ltr'>episcopum.</span> <span class='ocrx_word' id='word_1_577' title='bbox 925 2891 1037 2917; x_wconf 80' lang='lat' dir='ltr'>Floridl</span> <span class='ocrx_word' id='word_1_578' title='bbox 1092 2899 1311 2925; x_wconf 80' lang='lat' dir='ltr'>pergamenaceo</span> <span class='ocrx_word' id='word_1_579' title='bbox 1332 2893 1407 2916; x_wconf 81' lang='lat' dir='ltr'>della</span> <span class='ocrx_word' id='word_1_580' title='bbox 1428 2893 1654 2923; x_wconf 41' lang='lat' dir='ltr'>Lffxcmfflzuxa,</span> <span class='ocrx_word' id='word_1_581' title='bbox 1670 2902 1696 2919; x_wconf 88' lang='lat' dir='ltr'>n.</span> <span class='ocrx_word' id='word_1_582' title='bbox 1713 2895 1763 2927; x_wconf 80' lang='lat'>136</span> <span class='ocrx_word' id='word_1_583' title='bbox 1775 2902 1789 2919; x_wconf 85' lang='lat' dir='ltr'>c</span> <span class='ocrx_word' id='word_1_584' title='bbox 1810 2896 1988 2923; x_wconf 70' lang='lat' dir='ltr'>MAGHERmx</span> 
     </span>
     <span class='ocr_line' id='line_1_55' title="bbox 138 2933 1647 2971; baseline -0.001 -9"><span class='ocrx_word' id='word_1_585' title='bbox 138 2937 275 2971; x_wconf 80' lang='lat' dir='ltr'>Tiphern.</span> <span class='ocrx_word' id='word_1_586' title='bbox 288 2936 423 2961; x_wconf 77' lang='lat' dir='ltr'>ecclesiae</span> <span class='ocrx_word' id='word_1_587' title='bbox 437 2934 565 2968; x_wconf 73' lang='lat' dir='ltr'>episcopi</span> <span class='ocrx_word' id='word_1_588' title='bbox 580 2934 753 2958; x_wconf 78' lang='lat' dir='ltr'>mentionem</span> <span class='ocrx_word' id='word_1_589' title='bbox 774 2933 841 2958; x_wconf 82' lang='lat' dir='ltr'>fecit</span> <span class='ocrx_word' id='word_1_590' title='bbox 861 2934 945 2958; x_wconf 84' lang='lat' dir='ltr'>divus</span> <span class='ocrx_word' id='word_1_591' title='bbox 959 2933 1038 2958; x_wconf 69' lang='lat' dir='ltr'>Gru:-</span> <span class='ocrx_word' id='word_1_592' title='bbox 1093 2936 1253 2965; x_wconf 60' lang='lat' dir='ltr'>Grumum,</span> <span class='ocrx_word' id='word_1_593' title='bbox 1275 2938 1313 2966; x_wconf 84' lang='lat' dir='ltr'>op.</span> <span class='ocrx_word' id='word_1_594' title='bbox 1328 2935 1380 2962; x_wconf 83' lang='lat' dir='ltr'>cit..</span> <span class='ocrx_word' id='word_1_595' title='bbox 1400 2935 1434 2964; x_wconf 86' lang='lat'>11,</span> <span class='ocrx_word' id='word_1_596' title='bbox 1456 2943 1482 2968; x_wconf 91' lang='lat' dir='ltr'>p.</span> <span class='ocrx_word' id='word_1_597' title='bbox 1503 2942 1517 2967; x_wconf 88' lang='lat'>7</span> <span class='ocrx_word' id='word_1_598' title='bbox 1537 2944 1551 2959; x_wconf 79' lang='lat' dir='ltr'>e</span> <span class='ocrx_word' id='word_1_599' title='bbox 1572 2943 1647 2968; x_wconf 87' lang='lat' dir='ltr'>segg.</span> 
     </span>
     <span class='ocr_line' id='line_1_56' title="bbox 139 2975 1037 3010; baseline -0.004 -6"><span class='ocrx_word' id='word_1_600' title='bbox 139 2985 256 3008; x_wconf 70' lang='lat' dir='ltr'>contus,</span> <span class='ocrx_word' id='word_1_601' title='bbox 268 2977 418 3010; x_wconf 67' lang='lat' dir='ltr'>Dialogor„</span> <span class='ocrx_word' id='word_1_602' title='bbox 433 2984 457 3009; x_wconf 85' lang='lat'>3.</span> <span class='ocrx_word' id='word_1_603' title='bbox 477 2975 653 3000; x_wconf 79' lang='lat' dir='ltr'>Brevlarlum</span> <span class='ocrx_word' id='word_1_604' title='bbox 667 2975 744 3000; x_wconf 84' lang='lat' dir='ltr'>vitae</span> <span class='ocrx_word' id='word_1_605' title='bbox 755 2975 868 2999; x_wconf 82' lang='lat' dir='ltr'>Floridi</span> <span class='ocrx_word' id='word_1_606' title='bbox 879 2976 996 3001; x_wconf 82' lang='lat' dir='ltr'>habetur</span> <span class='ocrx_word' id='word_1_607' title='bbox 1007 2976 1037 3000; x_wconf 81' lang='lat' dir='ltr'>ln</span> 
     </span>
    </p>
   </div>
   <div class='ocr_carea' id='block_1_13' title="bbox 235 3091 1581 3126">
    <p class='ocr_par' dir='ltr' id='par_1_14' title="bbox 235 3091 1581 3126">
     <span class='ocr_line' id='line_1_57' title="bbox 235 3091 1581 3126; baseline -0.002 -6"><span class='ocrx_word' id='word_1_608' title='bbox 235 3095 254 3120; x_wconf 84' lang='lat'>1.</span> <span class='ocrx_word' id='word_1_609' title='bbox 280 3101 309 3126; x_wconf 85' lang='lat'>13</span> <span class='ocrx_word' id='word_1_610' title='bbox 331 3093 382 3118; x_wconf 75' lang='lat' dir='ltr'>Hls</span> <span class='ocrx_word' id='word_1_611' title='bbox 401 3100 454 3125; x_wconf 88' lang='lat' dir='ltr'>ego</span> <span class='ocrx_word' id='word_1_612' title='bbox 474 3092 508 3121; x_wconf 72' lang='lat' dir='ltr'>A,</span> <span class='ocrx_word' id='word_1_613' title='bbox 528 3099 554 3125; x_wconf 88' lang='lat' dir='ltr'>p.</span> <span class='ocrx_word' id='word_1_614' title='bbox 573 3091 617 3116; x_wconf 83' lang='lat'>62.</span> <span class='ocrx_word' id='word_1_615' title='bbox 637 3104 669 3110; x_wconf 90' lang='lat'><em>—</em></span> <span class='ocrx_word' id='word_1_616' title='bbox 690 3091 709 3117; x_wconf 84' lang='lat'>1.</span> <span class='ocrx_word' id='word_1_617' title='bbox 729 3097 760 3116; x_wconf 82' lang='lat'>22</span> <span class='ocrx_word' id='word_1_618' title='bbox 782 3091 936 3117; x_wconf 78' lang='lat' dir='ltr'>-latoribus</span> <span class='ocrx_word' id='word_1_619' title='bbox 964 3093 992 3121; x_wconf 87' lang='lat' dir='ltr'>T,</span> <span class='ocrx_word' id='word_1_620' title='bbox 1011 3102 1034 3117; x_wconf 72' lang='lat' dir='ltr'>c.</span> <span class='ocrx_word' id='word_1_621' title='bbox 1052 3099 1111 3125; x_wconf 81' lang='lat'><strong>704.</strong></span> <span class='ocrx_word' id='word_1_622' title='bbox 1132 3105 1163 3110; x_wconf 90' lang='lat'>-</span> <span class='ocrx_word' id='word_1_623' title='bbox 1185 3091 1204 3116; x_wconf 93' lang='lat'>1.</span> <span class='ocrx_word' id='word_1_624' title='bbox 1224 3098 1257 3123; x_wconf 84' lang='lat'>29</span> <span class='ocrx_word' id='word_1_625' title='bbox 1276 3091 1418 3123; x_wconf 71' lang='lat' dir='ltr'>equitatus</span> <span class='ocrx_word' id='word_1_626' title='bbox 1441 3093 1471 3121; x_wconf 85' lang='grc' dir='ltr'>Λ,</span> <span class='ocrx_word' id='word_1_627' title='bbox 1492 3099 1518 3124; x_wconf 86' lang='lat' dir='ltr'>p.</span> <span class='ocrx_word' id='word_1_628' title='bbox 1539 3091 1581 3124; x_wconf 75' lang='lat'>63.</span> 
     </span>
    </p>
   </div>
   <div class='ocr_carea' id='block_1_14' title="bbox 2013 2242 2231 2266">
    <p class='ocr_par' dir='ltr' id='par_1_15' title="bbox 2013 2242 2231 2266">
     <span class='ocr_line' id='line_1_58' title="bbox 2013 2242 2231 2266; baseline 0.023 -5"><span class='ocrx_word' id='word_1_629' title='bbox 2013 2242 2175 2265; x_wconf 68' lang='lat' dir='ltr'>Controversia</span> <span class='ocrx_word' id='word_1_630' title='bbox 2198 2246 2231 2266; x_wconf 87' lang='lat' dir='ltr'>in-</span> 
     </span>
    </p>
   </div>
   <div class='ocr_carea' id='block_1_15' title="bbox 2039 2272 2230 2321">
    <p class='ocr_par' dir='ltr' id='par_1_16' title="bbox 2039 2272 2230 2321">
     <span class='ocr_line' id='line_1_59' title="bbox 2039 2272 2230 2296; baseline 0.031 -8"><span class='ocrx_word' id='word_1_631' title='bbox 2039 2273 2073 2289; x_wconf 80' lang='lat' dir='ltr'>ter</span> <span class='ocrx_word' id='word_1_632' title='bbox 2096 2272 2184 2296; x_wconf 76' lang='lat' dir='ltr'>equites</span> <span class='ocrx_word' id='word_1_633' title='bbox 2207 2277 2230 2294; x_wconf 78' lang='lat' dir='ltr'>et</span> 
     </span>
     <span class='ocr_line' id='line_1_60' title="bbox 2042 2297 2136 2321; baseline 0.032 -6"><span class='ocrx_word' id='word_1_634' title='bbox 2042 2297 2136 2321; x_wconf 76' lang='lat' dir='ltr'>pedites.</span> 
     </span>
    </p>
   </div>
   <div class='ocr_carea' id='block_1_16' title="bbox 2025 2822 2055 2839">
    <p class='ocr_par' dir='ltr' id='par_1_17' title="bbox 2025 2822 2055 2839">
     <span class='ocr_line' id='line_1_61' title="bbox 2025 2822 2055 2839; baseline 0 0"><span class='ocrx_word' id='word_1_635' title='bbox 2025 2822 2055 2839; x_wconf 81' lang='lat' dir='ltr'>to</span> 
     </span>
    </p>
   </div>
  </div>
 </body>
</html>
