2388 3439
0 3314 12 3439 nvn—<a
0 3287 7 3305 ν-
0 3248 10 3278 „7

139 1019 152 1045 5

123 1233 156 1251 10

125 1655 159 1674 20

123 1866 156 1892 25

124 2080 158 2106 30

121 2287 154 2315 35

709 220 778 256 DE
806 218 1088 255 OBSIDIONE
1114 216 1508 253 TIPHERNATUM

182 356 320 378 romana
345 352 456 377 castra
481 344 684 386 profiscitur,
710 353 833 385 magno
861 342 910 373 sui
936 341 1121 385 desyderio
1146 340 1277 372 civibus
1303 340 1434 371 relicto.

1482 338 1633 381 Legatus
1660 344 1784 374 autem,
1809 344 1945 379 postero
1970 337 2037 374 die,

182 410 258 432 cum
282 399 412 442 ingenti
438 398 724 440 supplicationum
749 407 884 438 pompa,
909 396 996 427 intra
1022 395 1139 426 urbem
1165 400 1325 436 receptus
1349 400 1410 426 est.
1442 393 1556 435 Atque
1581 393 1638 429 ita,
1656 402 1722 424 uno
1737 391 1780 423 de
1806 391 2038 434 octuagesimo

181 452 248 489 die,
273 452 523 493 Tiphernatum
550 450 687 483 horrida
713 456 748 482 et
771 450 886 492 gravis
910 448 1075 481 dissoluta
1100 453 1151 480 est
1174 447 1308 479 obsidio
1324 446 1351 478 ¹.'

848 546 948 578 LAus
972 545 1192 577 SALvAToiu
1218 545 1370 576 Nos'rno

966 599 1047 631 IEsu
1072 597 1254 630 Cumsrol

273 763 297 788 5.
318 755 462 779 L.xus....
483 755 616 779 Curusro
637 755 686 778 cosi
710 754 748 780 A:
777 755 801 778 T
815 755 848 778 lm
868 754 974 777 ini-vec:
997 753 1083 776 Anno
1104 752 1287 777 Christianae
1307 752 1410 776 salutis
1434 751 1706 776 MCCCCLXXIIII.

180 845 300 868 l'assculio
320 845 468 867 inm-mursa
483 843 551 866 nella
571 844 633 866 :itm
654 850 704 866 gno
718 842 857 873 fimtipm·
876 842 901 864 ln
925 842 1017 865 Clu'csa
1037 850 1083 864 ron

177 890 263 919 patto,
283 887 328 909 clu·
347 887 446 909 dovcsrc
466 887 549 909 ussin-
575 886 646 908 dalla
672 886 735 908 rimi
755 884 860 908 Niccoh)
885 884 986 911 Vitelli,
1005 884 1082 914 quale

180 937 225 953 con
245 932 313 953 fulla
334 929 359 951 la
371 928 504 960 sbmtgrlia
523 929 548 950 st'
565 928 642 951 rt'n'rb
662 929 690 950 in
710 927 816 954 Arta-230,
836 927 932 950 (mvndo
949 929 998 957 per
1011 929 1081 949 trem.

181 972 275 995 tamila
296 972 390 1000 finini
405 972 517 994 venemo
537 971 559 994 li
576 971 634 993 suoi
652 971 719 993 bcm'.

269 1014 301 1038 In
321 1013 470 1039 Annalibus
489 1012 618 1037 Onerum
638 1012 797 1036 nmmum
822 1012 939 1042 legitur:

403 1056 536 1080 SIXTUS
557 1055 657 1079 PAPA
678 1054 858 1082 QUARTUS

420 1098 465 1122 Ad
475 1097 605 1127 suturam
625 1099 667 1121 rei
685 1097 846 1121 memoriam.

272 1141 438 1172 Iniquitatis
448 1140 531 1166 tilius.
543 1142 569 1164 et
580 1139 755 1172 perditionis
767 1139 898 1162 alumnus
911 1137 1082 1162 Laurentius

183 1184 217 1208 de
238 1183 365 1213 Medicis,
379 1185 405 1207 et
421 1183 555 1207 nonnulli
570 1183 623 1206 alii
637 1183 714 1205 cives
730 1180 884 1210 florentini,
905 1181 965 1204 cius
987 1180 1015 1203 in
1030 1180 1081 1203 hac

183 1227 262 1258 parte
282 1225 434 1258 complices
454 1227 476 1249 et
502 1225 636 1253 fautores,
656 1223 850 1256 superioribus
864 1223 948 1246 ann1s
968 1222 1082 1254 reprobi

186 1276 279 1294 2-ensus
293 1276 324 1293 ac
336 1276 481 1301 perversae
495 1271 521 1293 et
536 1268 685 1292 damnatae
696 1267 875 1291 conditionis
887 1266 947 1289 tilio
960 1265 1082 1289 Nicolao

184 1312 217 1336 de
229 1311 352 1341 Vitellis,
367 1313 397 1335 ut
411 1311 536 1335 eiusdem
550 1310 695 1334 Romanae
710 1309 850 1333 Ecclesiae
871 1308 1016 1331 civitatem
1029 1306 1081 1331 Ca-

183 1354 260 1378 stelli
274 1354 356 1377 nobis
371 1353 500 1378 rebellem
523 1353 634 1382 faceret,
655 1359 769 1383 eamque
785 1358 832 1383 per
843 1350 1024 1383 tyrannidem
1039 1356 1082 1372 oc-

183 1397 298 1427 cuparet
308 1396 334 1418 et
345 1394 483 1418 detineret
493 1394 660 1426 occupatam
671 1392 835 1416 consuleret
846 1391 949 1419 favere,
961 1392 987 1414 et
1002 1390 1082 1414 auxi-

184 1437 260 1467 liari,
271 1437 356 1461 ctiam
368 1438 518 1469 postquam
530 1443 578 1469 per
592 1436 698 1465 literas,
709 1437 736 1459 ct
749 1428 869 1458 nuncios
880 1434 994 1457 nostros
1009 1433 1082 1457 Lau-

184 1479 316 1508 rentium,
336 1481 362 1503 et
383 1478 536 1511 complices
556 1478 717 1511 praedictos
738 1478 854 1509 paterne
874 1483 1082 1505 monueramus,

183 1524 267 1554 atque
287 1523 314 1545 ut
331 1529 347 1545 a
361 1521 538 1554 praestandis
552 1521 631 1544 dicto
646 1520 768 1544 Nicolao
782 1519 902 1543 auxiliis
917 1518 1083 1542 huiusmodi

185 1564 361 1592 desisterent,
382 1563 554 1587 charitative
574 1563 819 1594 requisiveramuS,
840 1561 942 1592 quibus
966 1562 1083 1592 potuere

185 1607 304 1637 viribus,
320 1615 376 1631 non
391 1608 580 1639 expaverunt:
600 1606 761 1637 quinimmo
775 1607 917 1636 tamquam
933 1604 1009 1636 aspis
1024 1611 1083 1627 sur-

185 1650 221 1674 da
242 1650 347 1674 nostris
366 1649 531 1674 huiusmodi
558 1648 795 1679 requisitionibus
814 1654 894 1671 aures
921 1646 1083 1670 claudentes

186 1692 352 1725 pertinaces,
372 1692 457 1716 etiam
480 1693 627 1723 postquam
649 1690 770 1714 dilectus
791 1689 866 1714 filius
887 1690 983 1712 noster
995 1688 1084 1712 Iulia-

186 1741 238 1758 nus
256 1734 338 1759 tituli
358 1733 456 1758 Sancti
475 1733 552 1757 Petri
572 1732 607 1757 ad
625 1732 758 1760 Vincula,
770 1731 913 1764 presbyter
927 1730 1083 1755 cardinalis

186 1776 215 1800 in
236 1776 363 1808 partibus
390 1776 451 1800 iilis
477 1775 662 1807 Apostolicae
682 1774 762 1798 Sedis
783 1774 900 1806 legatus,
919 1780 1000 1804 quem
1021 1780 1083 1796 cum

185 1818 321 1848 evercitu,
341 1819 371 1842 ut
391 1818 482 1850 ipsam
503 1816 659 1841 Civitatem
681 1815 811 1844 Castelli,
831 1815 866 1839 ad
887 1815 1013 1839 eiusdem
1033 1814 1084 1838 Ec-

185 1861 287 1885 clesiae
306 1860 499 1884 obedientiam
518 1862 545 1884 et
565 1859 748 1883 devotionem
779 1858 931 1887 reduceret,
950 1857 1084 1882 transmi-

185 1910 317 1933 seramus,
338 1910 365 1927 se
379 1903 449 1926 illuc
464 1902 633 1931 contulerat,
647 1909 679 1925 ac
693 1902 854 1925 exercentes
869 1902 1022 1933 receptant,
1039 1901 1083 1925 vel

185 1944 350 1974 defendunt,
370 1944 444 1968 idem
465 1944 645 1974 Laurentius,
665 1945 692 1968 et
712 1943 864 1975 complices
885 1943 929 1967 sui
943 1943 1083 1976 praedicti

186 1987 433 2020 parvipendentes,
452 1989 479 2011 et
505 1987 615 2011 elevata
641 1986 758 2015 cervice,
779 1987 863 2016 atque
882 1986 979 2010 animo
1007 1993 1084 2010 more

185 2030 343 2054 Pharaonis
357 2029 502 2059 indurato,
515 2031 737 2058 contemnentes,
751 2030 778 2053 et
792 2031 964 2061 spernentes,
979 2029 1084 2053 multos

185 2073 219 2097 ad
240 2073 330 2105 ipsam
351 2072 468 2096 Curiam
488 2072 645 2096 Romanam
661 2079 744 2096 causa
765 2071 954 2103 prosequendi
969 2072 1084 2103 negotia

185 2122 234 2138 sua
254 2114 408 2143 venientes,
428 2116 454 2138 et
482 2114 636 2138 novissime
663 2114 784 2137 dilectos
809 2113 883 2136 filios
910 2113 1082 2136 Bernardum

184 2157 304 2181 Sculteti
325 2157 358 2180 de
374 2156 549 2188 Luniborgo,
564 2156 731 2181 Timoholui
753 2156 786 2180 de
801 2155 955 2188 Leytzhau,
969 2158 994 2180 ct
1011 2157 1083 2179 lien-

184 2201 273 2224 ricurn
288 2199 409 2224 Brandis
423 2199 557 2223 clericum
572 2199 768 2230 Lumen-namn,
793 2199 946 2231 romipetas
966 2201 992 2223 et
1007 2206 1083 2231 pere-

183 2243 291 2275 grinos,
311 2242 360 2273 qui
380 2242 414 2266 ad
435 2242 530 2266 urbem
552 2242 668 2265 eandem
688 2249 772 2266 causa
792 2241 957 2265 devot10nis
971 2242 1083 2266 aecede-

182 2285 261 2313 bant,
280 2291 387 2316 capere,
406 2279 643 2316 bonis'spoliare,
663 2286 689 2308 et
709 2284 815 2308 carceri
836 2284 1006 2316 mancipare,
1022 2292 1084 2308 nec-

184 2335 241 2351 non
263 2327 396 2358 quasdam
417 2327 545 2351 triremes
572 2327 709 2359 remigiis,
729 2329 755 2350 et
776 2326 842 2351 aliis
864 2327 1014 2350 navalibus
1040 2327 1083 2350 in-

183 2369 348 2394 strumentis
368 2369 479 2393 abunde
493 2369 618 2393 munitas
635 2369 664 2393 ln
686 2376 760 2393 mare
782 2371 909 2393 nostrum
925 2369 1082 2401 praefatum

185 2411 382 2440 discurrentes,
406 2412 433 2435 et
457 2411 633 2443 navigantes,
661 2411 690 2435 in
719 2411 771 2435 illo
797 2411 1009 2443 depraedantes,
1034 2411 1083 2435 bo-

183 2453 291 2484 nisque,
302 2455 329 2477 et
340 2453 421 2477 rebus
433 2460 530 2477 eorum
545 2453 711 2486 spoliantes,
731 2453 921 2483 vulnerantes,
935 2455 962 2478 et
977 2453 1083 2478 interfi-

1140 842 1255 870 cientes,
1271 848 1379 864 necnon
1394 843 1421 865 et
1437 840 1584 870 victualia,
1598 847 1668 872 quae
1682 840 1716 863 nd
1732 847 1811 863 usum
1827 839 1919 863 dictae
1933 837 2038 863 Curiae

1140 884 1284 908 Romanae
1305 884 1461 908 necessarIa
1481 884 1514 908 ad
1530 883 1645 908 eandem
1668 891 1718 916 pro
1737 885 1862 915 tempore
1876 883 2038 906 desereban-

1139 929 1194 957 tur,
1211 928 1385 957 invadentes,
1401 929 1550 959 receptare,
1563 927 1721 956 defendere,
1734 926 1881 950 favoribus
1897 925 2038 958 prosequi,

1138 970 1275 994 alimenta
1295 970 1399 994 eisdem
1421 977 1476 993 non
1493 969 1669 1001 denegando,
1689 970 1720 993 ut
1741 968 1827 1000 (quod
1842 968 1966 992 deterius
1986 968 2038 998 est)

1139 1012 1223 1036 etiam
1244 1011 1397 1043 stipendiis
1418 1011 1576 1035 ordinariis
1591 1011 1756 1040 conducere,
1771 1012 1797 1034 ct
1811 1010 1948 1034 adiuvare
1963 1017 2039 1042 prae-

1139 1054 1326 1085 sumpserunt,
1341 1053 1547 1077 contumaciter
1564 1053 1593 1076 in
1608 1052 1774 1076 huiusmodi
1789 1051 1923 1081 censuris,
1937 1053 1963 1075 ct
1976 1058 2040 1083 poe-

1140 1096 1183 1120 nis
1203 1096 1288 1119 etiam
1304 1102 1352 1127 per
1366 1096 1503 1119 diuturna
1523 1098 1652 1128 tempora
1667 1095 1892 1119 lnsordescentes
1905 1096 1957 1119 etc.
1971 1094 2032 1125 (M).

1227 1135 1236 1152 ¹
1260 1136 1336 1160 Cron.
1357 1138 1407 1161 cit.
1428 1137 1456 1161 di
1472 1137 1566 1161 Pii-:no
1583 1137 1706 1161 λκακιο
1721 1143 1750 1160 m
1765 1136 1932 1165 Gtovnxm,
1947 1143 1974 1168 p.
1988 1143 2037 1168 93⁷

1139 1180 1151 1192 ‘¹
1164 1179 1186 1202 E
1207 1187 1221 1202 a
1241 1179 1271 1202 di
1292 1185 1305 1202 2
1327 1180 1407 1203 (letto
1426 1187 1454 1203 se
1476 1178 1540 1203 levo
1555 1180 1632 1203 tutto
1647 1179 1671 1203 cl
1687 1186 1788 1210 campo
1802 1178 1848 1202 dal
1863 1177 1989 1202 contado
2003 1179 2038 1201 de

1141 1222 1152 1232 ⁴*
1166 1221 1302 1245 Castello.
1342 1221 1363 1244 E
1383 1229 1398 1245 a
1418 1219 1446 1246 di
1468 1222 1547 1245 detto
1567 1222 1591 1245 el
1615 1223 1713 1245 nostro
1729 1228 1852 1245 comuno
1867 1221 1900 1244 de
1920 1220 2038 1253 i'erogia

1141 1263 1154 1276 ⁴¹
1169 1264 1225 1286 fece
1244 1271 1282 1287 un
1304 1266 1432 1295 presente
1451 1264 1479 1287 al
1500 1263 1579 1287 detto
1601 1263 1746 1287 cardinale
1766 1263 1799 1287 de
1815 1269 1867 1295 500
1879 1263 1972 1287 ducati
1991 1270 2038 1294 pa·

1142 1304 1235 1338 “pali‚
1255 1314 1268 1329 e
1289 1306 1330 1330 lui
1352 1307 1372 1330 li
1394 1305 1516 1336 act-etto,
1535 1314 1549 1329 e
1570 1306 1619 1337 poi
1640 1306 1659 1329 li
1677 1305 1804 1329 rendctte
1819 1312 1834 1329 a
1850 1305 1876 1329 la
1890 1304 2038 1329 comunita

1139 1346 1151 1358 ‘⁴
1166 1348 1296 1375 dicendo,
1317 1348 1367 1371 che
1387 1348 1406 1371 li
1428 1355 1497 1372 area
1519 1356 1568 1380 per
1588 1349 1719 1376 ricevuti.
1741 1347 1760 1371 li
1783 1347 1859 1379 quali
1886 1347 1985 1371 danari
2011 1354 2039 1370 sc

1141 1388 1239 1414 “disse
1259 1390 1390 1414 ch’erano
1411 1391 1478 1414 stati
1499 1391 1618 1414 acattati
1634 1390 1670 1414 da
1685 1390 1703 1413 li
1721 1390 1810 1413 nostri
1828 1390 2004 1413 mcrcatanti.

1229 1432 1279 1455 “A
1299 1430 1328 1456 di
1349 1439 1363 1456 2
1384 1433 1414 1456 di
1428 1433 1556 1457 setenbre
1570 1440 1640 1456 vene
1662 1433 1691 1455 in
1708 1431 1828 1463 Perogia
1848 1431 1873 1455 cl
1895 1431 2040 1455 cardinale

1140 1473 1151 1485 ‘'
1166 1474 1200 1498 de
1213 1473 1240 1498 S.
1254 1474 1284 1498 Ρ,
1300 1476 1329 1498 in
1344 1475 1469 1499 Vincula
1483 1483 1496 1498 e
1519 1475 1538 1498 il
1555 1475 1697 1507 patriarca
1718 1481 1732 1498 c
1754 1474 1769 1497 ’l
1786 1474 1856 1498 duca
1876 1474 1909 1497 de
1929 1473 2040 1497 Urbino

1142 1515 1154 1527 “
1166 1524 1179 1539 e
1200 1523 1287 1540 meser
1306 1516 1411 1541 Nicolc')
1427 1517 1583 1541 Vitellozzi
1600 1517 1634 1541 da
1651 1516 1779 1541 Castello
1794 1523 1846 1539 con
1863 1516 1952 1540 molta
1965 1516 2038 1539 altra

1141 1557 1288 1591 “brigata,
1308 1567 1324 1583 a
1344 1559 1365 1583 li
1387 1560 1465 1591 quali
1487 1559 1568 1583 molti
1593 1560 1682 1583 nestri
1705 1559 1840 1583 cittadini
1866 1558 1974 1582 andaro
1999 1558 2040 1581 in-

1142 1599 1270 1624 “contro
1290 1609 1305 1624 a
1326 1601 1459 1625 cavallo:
1479 1609 1494 1624 e
1508 1601 1528 1624 il
1550 1601 1699 1625 cardenale
1718 1599 1850 1624 scavaico
1865 1600 1908 1623 nel
1924 1600 2041 1631 palazzo

1142 1641 1154 1654 “
1168 1643 1209 1666 de’
1228 1643 1340 1667 Monsi:
1360 1651 1374 1667 e
1395 1643 1416 1668 il
1437 1643 1508 1667 duca
1535 1644 1565 1667 in
1587 1651 1650 1667 casa
1670 1643 1703 1667 dc
1723 1643 1901 1666 Bernardino
1921 1642 1956 1665 da
1983 1640 2041 1665 Go-

1143 1684 1296 1709 “stantino
1318 1685 1351 1710 de
1371 1685 1502 1717 Rugiere,
1523 1694 1536 1709 e
1558 1693 1646 1710 meser
1659 1683 1763 1709 Nicolo
1779 1684 1916 1708 Vitelozzi
1935 1685 1962 1707 in
1978 1691 2041 1707 casa

1141 1728 1154 1740 “
1167 1728 1200 1752 dc
1219 1728 1318 1753 Sforza
1338 1729 1372 1753 de
1391 1728 1412 1752 li
1435 1728 1520 1757 Oddi,
1541 1729 1614 1753 dove
1634 1728 1742 1753 andare
1758 1728 1845 1752 molte
1861 1734 1979 1759 persone
1993 1734 2042 1758 per

1141 1770 1290 1795 “vederla
1329 1771 1364 1795 Et
1385 1771 1503 1795 insieme
1523 1779 1575 1795 con
1597 1773 1649 1795 essi
1672 1772 1695 1794 ci
1718 1778 1787 1794 vene
1807 1770 1831 1793 el
1859 1771 1911 1802 sig.
1934 1768 2041 1793 Giova-

1142 1813 1154 1824 ‘¹
1171 1814 1274 1845 vagnIc
1298 1815 1401 1846 nepote
1427 1813 1472 1838 dei
1499 1821 1580 1846 papa,
1607 1814 1688 1845 quale
1715 1811 1847 1837 scavalco
1874 1813 1904 1836 in
1924 1819 1988 1836 casa
2008 1811 2041 1835 de

1142 1855 1153 1867 ⁴⁴
1167 1856 1284 1880 Braccio
1304 1863 1318 1880 e
1338 1856 1384 1880 dei
1404 1856 1514 1880 fratelli
1534 1856 1606 1880 dove
1628 1856 1650 1880 li
1671 1856 1762 1880 fecero
1782 1854 1889 1887 grande
1915 1862 2004 1879 onore
2017 1873 2040 1885 „.

1229 1897 1309 1922 Sulla
1329 1899 1429 1923 durata
1450 1899 1630 1923 dell'assedio
1651 1898 1740 1922 l’Orsi
1754 1897 1867 1922 sarebbc
1889 1898 1917 1921 in
1933 1896 2038 1920 discor-

1141 1941 1229 1964 danza
1242 1941 1287 1965 col
1301 1941 1460 1969 Rumam.
1480 1940 1559 1964 Liber
1577 1941 1608 1963 dc
1627 1941 1793 1971 temporibur,
1810 1941 1838 1963 in
1854 1939 1912 1963 RR.
1934 1938 1969 1963 II.
1989 1938 2040 1963 SS.

1141 1983 1254 2013 (Nuova
1273 1983 1405 2007 edizione
1426 1982 1560 2012 Fiorini),
1580 1981 1692 2009 XXVI¹,
1708 1991 1732 2015 p.
1759 1989 1804 2013 19²
1825 1983 1844 2006 il
1861 1981 1944 2013 quale
1964 1981 1992 2005 lo
2015 1981 2042 2005 sa

1141 2025 1241 2050 durare
1260 2025 1273 2037 ‘⁴
1286 2027 1355 2050 circa
1376 2034 1473 2050 menses
1492 2027 1543 2050 duo
1558 2045 1577 2056 ,‚.
1617 2026 1662 2049 Ma
1684 2033 1739 2049 una
1760 2025 1859 2049 lettera
1879 2026 1907 2049 di
1923 2024 2040 2049 France·

1141 2078 1188 2094 sco
1214 2071 1324 2095 Tiberti
1352 2072 1521 2095 conservata
1547 2070 1756 2094 nell’An-hivio
1786 2069 1830 2094 dei
1857 2070 1945 2094 Conti
1980 2069 2043 2093 Fra-

1141 2113 1262 2137 canzani
1289 2113 1317 2137 di
1347 2113 1423 2140 Este,
1454 2113 1661 2137 comunicataci
1685 2112 1874 2145 gentilmente
1893 2112 1940 2135 dal
1962 2118 2042 2143 prop.

1140 2155 1297 2179 Franccsco
1311 2155 1533 2183 Franceschetti,
1547 2155 1691 2178 conferma
1713 2155 1739 2178 la
1754 2155 1974 2178 testimonianza
1989 2154 2044 2177 del-

1142 2199 1238 2224 l'Orsi.
1271 2200 1292 2223 E
1313 2198 1415 2232 poiche
1437 2200 1454 2223 il
1484 2199 1606 2229 Tibcrti,
1631 2207 1711 2223 corne
1738 2199 1834 2225 1'Orsi.
1856 2199 1885 2223 su
1906 2206 1942 2223 un
1964 2199 2042 2222 testi-

1141 2249 1224 2266 mone
1244 2243 1358 2266 oculare
1378 2242 1455 2275 degli
1477 2243 1682 2272 avvenirnenti,
1703 2243 1793 2265 siamo
1813 2242 1881 2265 certi
1903 2241 1953 2265 che
1980 2241 2042 2264 l'as-

1141 2285 1220 2309 sedio
1248 2283 1320 2309 duro
1347 2285 1459 2308 almeno
1486 2284 1539 2308 due
1566 2285 1633 2308 mesi
1660 2291 1673 2308 e
1700 2291 1810 2307 mezzo:
1839 2283 1936 2307 infatti
1969 2283 2042 2307 I‘ino

1140 2327 1272 2352 Ordelaffi
1299 2334 1352 2351 con
1379 2327 1404 2351 le
1431 2327 1540 2350 milizie
1567 2326 1664 2359 papali
1691 2325 1915 2358 d'avanguardia
1943 2326 2043 2357 g‘iunsc

1140 2377 1236 2402 presso
1257 2369 1289 2393 C.
1309 2369 1353 2393 dei
1377 2368 1409 2393 C.
1425 2369 1444 2392 il
1460 2375 1491 2401 23
1513 2369 1540 2392 di
1562 2370 1679 2402 giugno.
1718 2368 1859 2392 Abbiamo
1879 2368 2042 2401 pubblicato

1139 2411 1167 2435 la
1188 2412 1289 2436 lettera
1308 2411 1352 2435 del
1376 2410 1486 2434 Tiberti
1516 2409 1616 2443 perche
1637 2410 1672 2434 lia
1693 2417 1730 2434 un
1752 2410 1847 2435 valore
1866 2411 1971 2435 storico
1993 2416 2042 2433 no-

1141 2454 1246 2478 tevole.
1279 2453 1312 2477 V.
1332 2453 1517 2481 Arent-(mes,
1538 2460 1563 2476 n.
1583 2453 1618 2477 Ii.

2067 845 2101 869 40

2067 1061 2098 1086 ⁴5

2068 1269 2102 1295 50

2069 1483 2100 1509 55

2069 1686 2103 1711 60

2072 2331 2102 2359 75
