2388 3439
47 886 86 917 10

46 1197 83 1230 15

71 1815 102 1832 10

73 2025 102 2050 Ῑ5

73 2240 106 2258 20

73 2450 106 2476 ²⁵

77 2663 111 2688 30

78 2872 110 2899 3⁵

839 194 1209 231 INTRODUZION
1212 196 1243 230 E

118 327 251 358 testata
268 321 275 339 ¹
298 322 356 358 dai
376 321 592 365 Fiorenfini,
612 320 770 356 laddove
790 319 999 354 dichiarava
1027 319 1167 353 sincere
1188 319 1222 353 le
1243 330 1305 353 sue
1326 331 1512 364 promesse
1534 319 1570 353 di
1591 320 1842 356 benevolenza
1862 334 1970 358 verso

119 384 294 428 Niccolb,
324 384 474 431 qualora
503 383 531 417 si
562 382 755 426 umiliasse,
792 393 811 416 e
842 381 1048 416 assicurava
1078 380 1337 415 formalmente
1367 380 1434 415 che
1463 380 1496 415 lc
1526 382 1660 416 milizic
1699 388 1831 417 contro
1869 385 1968 420 Ciu-:1

121 446 156 481 di
188 445 351 482 Castello
380 458 452 482 non
481 444 686 480 avrebbero
715 450 882 479 arrecato
912 443 1018 478 alcun
1048 444 1170 477 danno
1199 443 1232 477 al
1261 443 1446 478 territorio
1476 443 1684 479 florentino.

206 509 222 544 I
239 509 440 544 Fiorentini
458 508 560 554 pero,
581 506 759 542 diffidenti
780 518 853 541 non
871 517 982 541 meno
1003 505 1039 540 di
1059 505 1170 549 Sist0,
1191 506 1411 540 scrivevano
1427 518 1447 539 11
1467 506 1653 541 Galeazzo
1668 507 1790 542 Maria
1807 508 1933 545 Sl'orza
1949 522 1969 544 e

126 582 147 605 a
164 571 436 614 Giovanconte‚
452 582 518 604 suo
534 570 718 616 capitano,
736 569 802 604 che
818 568 1136 614 soprassedessero
1152 567 1198 601 ad
1214 568 1352 602 inviare
1367 569 1417 613 gli
1435 569 1522 604 aiuti
1537 570 1698 605 richiesti
1715 577 1846 605 contro
1861 572 1970 616 Todi,

120 633 256 680 perche
285 634 320 668 la
351 633 438 668 citt&
468 643 529 667 era
550 632 668 666 ormai
689 637 872 676 occupata
892 630 952 664 dal
972 631 1097 676 legato
1117 630 1310 676 pontificio
1326 628 1349 664 ².
1407 631 1855 677 Contemporaneamente
1885 636 1973 669 scri-

122 707 266 731 vevano
296 707 367 730 con
395 706 563 741 premura
592 694 625 729 ai
655 694 737 729 loro
765 693 1024 728 ambasciatori
1045 692 1080 726 di
1102 692 1237 738 Napoli
1259 705 1278 726 e
1301 693 1338 727 di
1367 691 1539 728 Milano³
1568 705 1587 727 e
1617 700 1820 730 tentavano
1851 709 1897 731 un
1912 710 1973 733 ac-

123 757 240 793 cordo
270 757 303 792 ai
332 756 441 792 danni
471 757 530 792 del
559 757 672 802 Papa,
692 768 716 792 ο
735 767 800 803 per
820 755 856 789 lo
876 767 988 790 meno
1007 755 1198 790 miravano
1227 754 1275 790 ad
1303 755 1510 790 assicurarsi
1533 756 1565 790 la
1587 757 1778 793 neutralith
1799 759 1834 793 di
1865 761 1972 806 quelli

124 820 217 855 Stati
238 820 273 854 in
301 831 387 855 caso
416 818 453 853 di
483 819 663 855 conflitto.
711 819 748 853 A
779 817 965 853 Giovanni
996 817 1198 862 Canigkmi,
1228 817 1496 853 ambasciatore
1526 830 1546 853 a
1574 819 1725 865 Napoli,
1755 833 1971 858 raccoman-

123 881 269 918 davano
298 880 536 917 d’intendersi
566 892 639 915 non
668 881 750 916 solo
770 881 829 915 col
850 880 921 923 Re,
944 892 1002 914 ma
1029 880 1144 915 anche
1165 880 1223 914 col
1253 880 1373 914 Conte
1404 880 1600 924 d’Urbino,
1629 881 1664 915 di
1687 883 1744 917 cui
1766 896 1838 918 non
1860 896 1974 920 cono-

122 955 282 979 scevano
310 944 356 978 ne
387 943 419 978 le
448 943 648 979 intenzioni
664 941 675 959 ⁴
705 945 750 977 ne
780 942 1098 989 l'atteggiamento
1118 943 1154 975 in
1182 941 1267 990 quel
1286 947 1476 977 momento
1497 944 1571 978 cosi
1593 943 1708 979 denso
1728 945 1763 979 di
1784 947 1974 983 minaccie.

212 1005 418 1042 L'esercito
447 1005 642 1052 pontificio
671 1017 734 1040 era
762 1005 892 1051 giunto
921 1004 1017 1039 nella
1045 1003 1144 1039 valle
1173 1004 1360 1050 superiore
1390 1004 1448 1039 del
1477 1005 1634 1050 Tevere,
1666 1018 1685 1040 e
1714 1007 1742 1041 si
1776 1019 1976 1056 preparava

123 1080 144 1104 a
173 1070 321 1115 cingere
351 1068 536 1104 d‘assedio
565 1068 666 1103 Citm
695 1068 732 1103 di
761 1066 939 1103 Castello.
996 1066 1022 1101 n
1053 1065 1100 1101 25
1131 1066 1168 1100 di
1197 1066 1335 1112 giugno
1364 1067 1458 1102 Pino
1487 1066 1585 1113 degli
1615 1068 1795 1104 Ordelaffi
1834 1073 1975 1107 cornin—

122 1132 227 1167 ciava
255 1131 288 1167 le
317 1143 379 1167 sue
408 1131 608 1176 scorrerie3
637 1131 696 1176 gis
734 1129 830 1164 dieci
868 1128 1023 1177 squadre
1062 1129 1100 1164 di
1135 1134 1243 1175 gente
1282 1128 1434 1173 d’arrne,
1473 1131 1679 1176 capitanate
1717 1131 1762 1167 da
1801 1133 1974 1169 Lorenzo

123 1193 294 1237 Giustini,
325 1205 493 1230 avevano
522 1194 613 1229 fatto
642 1192 837 1238 saccheggi
867 1204 888 1227 e
917 1190 1031 1237 prede
1062 1190 1098 1225 di
1132 1190 1302 1226 bestiami
1318 1187 1340 1235 ⁵,
1370 1191 1468 1226 onde
1506 1191 1539 1227 la
1568 1192 1736 1238 Signoria
1765 1195 1978 1231 Fiorentina

123 1255 319 1302 impartiva
349 1254 469 1291 ordini
497 1256 535 1291 di
565 1254 788 1301 previdenza
807 1265 827 1288 a
847 1254 956 1289 Piero
977 1253 1013 1287 di
1033 1253 1183 1288 Lutozo
1202 1253 1293 1288 Nasi
1323 1254 1577 1289 commissario
1606 1255 1638 1290 al
1668 1256 1793 1302 Borgo
1808 1255 1833 1302 ⁶,
1863 1269 1882 1292 e
1912 1271 1978 1305 per

124 1317 331 1354 assicurarsi
360 1317 457 1354 delle
485 1318 683 1353 intenzioni
715 1317 751 1351 di
781 1315 957 1351 Giuliano
985 1316 1036 1362 gli
1064 1315 1231 1350 scriveva
1259 1315 1296 1350 di
1326 1315 1392 1350 dar
1420 1316 1558 1352 facoltit
1577 1318 1623 1353 ad
1643 1318 1766 1354 alcuni
1794 1322 1971 1357 mercanti

126 1419 141 1435 ¹
151 1428 200 1454 per
220 1427 304 1451 mare,
323 1420 358 1445 ad
377 1427 490 1444 onmem
504 1421 720 1451 requisitionem
735 1419 824 1451 partis
839 1425 886 1442 seu
900 1418 1022 1450 partium

127 1463 353 1497 ‘predictarum,
373 1469 459 1494 usque
479 1463 513 1487 ad
532 1469 662 1495 guerram
682 1463 772 1495 ipsam
793 1469 841 1494 per
861 1467 957 1494 pacem
977 1463 1023 1484 aut

127 1506 141 1520 ³
154 1506 306 1530 victoriam
326 1506 436 1530 finitam
456 1506 483 1529 et
502 1502 691 1537 suspitionem
716 1506 805 1536 ipsam
819 1505 983 1532 cessantem,
997 1506 1023 1526 et

130 1549 143 1562 “
155 1549 218 1578 hoc.
237 1550 346 1573 totiens
365 1548 425 1573 fieri
445 1548 554 1578 debeat,
573 1549 707 1580 quotiens
732 1546 919 1579 occurrelre1t
945 1553 1024 1570 casus

130 1591 252 1624 “guerre
272 1591 316 1615 vel
338 1592 516 1625 suspitionis,
538 1593 570 1615 ut
590 1590 764 1623 predicitur,-
782 1592 810 1614 et
823 1592 921 1622 gentes
934 1591 965 1614 ut
980 1597 1024 1613 su-

128 1635 202 1667 “pra
223 1633 369 1662 mittende,
389 1640 487 1666 parere
505 1633 625 1657 debeant
646 1634 720 1665 parti
736 1632 764 1656 in
780 1633 860 1656 cuius
883 1632 1024 1656 auxilium

129 1677 239 1701 “misse
259 1677 375 1707 fuerint,
395 1676 440 1700 vel
460 1677 520 1700 eius
540 1677 690 1708 capitaneo
711 1678 738 1700 et
766 1675 942 1703 offitiafibus,
961 1681 1025 1706 que-

128 1722 142 1735 ¹¹
153 1719 334 1744 madmodum
345 1721 443 1751 gentes
453 1719 568 1751 proprie
582 1717 674 1751 ipsius
689 1720 779 1750 partis
793 1718 827 1742 ad
847 1724 929 1749 quam
944 1718 1027 1740 misse

131 1763 144 1775 ⁴‘
158 1763 264 1787 fuerint
274 1780 298 1794 n·

219 1803 225 1819 ¹
248 1804 340 1828 Auen.
357 1803 402 1828 S‘r.
417 1810 447 1827 m
462 1803 533 1832 Fra„
549 1803 635 1834 Srjgu.,
650 1802 729 1827 Miss.
743 1802 764 1832 1,
785 1801 882 1829 XLVI.
903 1810 924 1825 c.
942 1799 990 1824 128
1002 1803 1028 1823 v:

220 1845 328 1870 “Sixto
347 1844 400 1869 1111
420 1844 552 1878 pontifici
573 1845 706 1872 maximo,

220 1888 411 1912 “Beatissime
430 1889 518 1921 pater.
554 1887 634 1911 Haud
655 1894 750 1911 sumus
766 1888 941 1911 immemores
959 1885 1028 1917 quid

133 1930 190 1955 “tu
208 1931 293 1963 paulo
314 1931 379 1954 ante
397 1930 497 1961 egeris,
523 1936 586 1952 cum
612 1928 722 1952 viribus
748 1931 832 1959 atque
857 1928 1030 1952 auctoritate

133 1972 207 1997 “tua
227 1979 298 2006 opus
319 1972 384 2002 fuit,
404 1978 467 1995 cum
494 1970 678 1995 Volaterrani
703 1970 876 1998 defecerunt,
900 1970 1030 2001 quamvis

133 2015 215 2040 “alia
235 2021 346 2047 quoque
366 2014 455 2038 multa
468 2015 495 2037 et
508 2020 579 2045 pene
598 2012 820 2037 innumerabilia
840 2013 889 2036 abs
903 2013 931 2036 te
950 2012 1029 2036 bene-

134 2057 223 2082 “ficia
241 2057 440 2089 acceperimus,
460 2056 535 2080 illud
555 2057 649 2079 tamen
669 2055 820 2086 imprimis,
847 2057 875 2079 et
900 2055 984 2079 nobis
1004 2057 1030 2078 et

135 2101 291 2124 “universe
310 2098 417 2127 Italiae,
447 2098 644 2131 percommode
669 2097 774 2122 accidit
803 2097 838 2122 ad
861 2100 939 2130 pacis
964 2105 1030 2122 con-

135 2145 146 2156 “
159 2145 359 2168 servationem.
398 2142 532 2166 Videmus
564 2140 683 2165 eundem
715 2143 743 2165 te
773 2148 869 2174 gerere
899 2140 1031 2165 divinum

133 2187 283 2210 “animum
303 2188 330 2210 et
358 2186 455 2209 natum
474 2191 532 2208 esse
553 2184 587 2208 ad
613 2183 751 2208 sedandas
771 2184 963 2215 delendasque
989 2183 1031 2207 di-

135 2229 284 2252 “scordias
296 2227 456 2259 quietisque
474 2229 557 2258 atque
576 2226 634 2250 ocii
653 2225 882 2250 diuturnitatem.
926 2225 1032 2257 Itaque.

136 2275 147 2284 ‘⁴
161 2277 213 2295 nos
252 2272 361 2302 prestro
400 2269 505 2293 erimus
539 2270 566 2293 et
603 2275 680 2293 arma
711 2269 809 2292 omnia
841 2269 948 2298 nostra,
979 2269 1031 2291 etsi

136 2313 299 2346 “perpauca
317 2312 476 2340 habeamus,
502 2318 534 2335 ea
553 2313 647 2335 tamen
669 2311 765 2335 omnia
788 2317 955 2342 quocunque
982 2317 1031 2335 vo-

136 2357 200 2381 “les
226 2357 432 2380 convertemus.
469 2352 550 2377 Nihil
576 2353 652 2377 enim
677 2355 720 2377 est
745 2352 820 2384 quod
842 2353 951 2377 meritis
976 2354 1034 2376 tuis

134 2399 147 2413 ‘¹
161 2400 191 2423 in
212 2405 264 2422 nos
282 2397 432 2428 urbemque
452 2397 586 2424 nostram,
607 2396 682 2427 quod
705 2396 752 2420 isti
773 2395 908 2425 bonitati,
929 2395 978 2419 isti
992 2395 1033 2419 di-

137 2441 279 2466 “vinitati
301 2446 359 2464 non
379 2439 537 2463 debeamus.
574 2437 683 2468 Vale‚,.

225 2483 304 2507 “Dle
322 2481 348 2506 X
367 2481 442 2505 lunii
460 2478 732 2505 MCCCCLXXIIII.

223 2523 235 2540 ²
253 2525 347 2548 Anca.
361 2523 407 2548 Sr.
422 2529 452 2547 m
466 2522 537 2551 Fra..
553 2523 641 2554 Siga„
655 2522 734 2547 Miss.
755 2521 790 2551 1⁸,
805 2528 884 2553 var,
897 2530 937 2547 cc.
955 2521 1003 2546 128
1013 2525 1034 2540 ⁸·-

140 2572 209 2594 12n'
228 2566 348 2600 (giugno
371 2565 422 2597 14).

225 2607 236 2624 ³
256 2609 351 2634 Anci-r.
370 2607 414 2633 ST.
435 2613 467 2633 m
480 2607 551 2636 Fue,
573 2607 660 2639 ngrn„
681 2607 758 2632 Miss.
778 2607 814 2637 1⁸,
827 2613 904 2636 var.
925 2614 946 2631 c.
964 2610 1034 2638 129v

138 2652 258 2685 (glugno
280 2650 332 2683 14).

226 2694 237 2710 ¹
250 2693 344 2718 Aaou.
358 2692 403 2718 S‘r.
418 2698 449 2717 m
463 2692 536 2722 Fun,
551 2692 640 2725 Siga..
655 2691 733 2717 Miss.
748 2690 783 2721 1⁵,
798 2692 867 2717 Min.
882 2692 915 2721 X,
928 2699 951 2716 e.
969 2698 1035 2724 130:

141 2739 154 2751 ‘⁴
166 2755 187 2763 ..
201 2757 206 2762 .
218 2755 223 2761 .
235 2739 434 2769 aspectavnmo
449 2736 567 2768 qualche
581 2735 768 2759 conclusione
782 2734 856 2759 delle
870 2741 934 2759 cose
946 2734 1035 2758 v’ava-

140 2779 153 2793 ⁴¹
165 2787 210 2804 mo
231 2778 349 2810 scripte;
369 2778 512 2802 crediamo
528 2784 586 2801 non
601 2777 629 2801 di
646 2783 728 2801 meno
742 2778 784 2801 sia
797 2784 811 2800 a
827 2777 945 2808 qualche
958 2777 1034 2800 buon

142 2823 154 2835 ‘⁴
166 2821 219 2846 flue
229 2838 324 2850 ......
364 2822 376 2833 ‘⁸
389 2818 537 2844 Conserite
558 2827 611 2843 con
627 2820 654 2843 la
668 2818 772 2843 maest&
786 2819 828 2843 del
855 2826 882 2843 re
908 2820 934 2842 et
958 2818 1036 2842 collo

142 2864 258 2889 “ill.mo
286 2865 369 2887 conte
396 2861 536 2886 d'Urbino
562 2863 589 2886 et
615 2861 801 2889 intendet-ete,
827 2861 902 2885 circa
927 2863 1036 2892 questo,

142 2905 196 2930 “di
216 2906 279 2930 loro
305 2905 445 2938 opinione
471 2906 497 2928 et
524 2903 720 2927 adviseretene
746 2910 800 2927 con
825 2903 895 2934 ogni
919 2900 1036 2926 celeritai

143 2947 329 2982 “possibl1e„
351 2946 442 2979 (1474,
461 2946 571 2979 giugno
593 2945 648 2977 ²3)-

232 2989 242 3005 ⁵
256 2991 348 3014 Anca.
363 2988 408 3014 ST.
423 2995 453 3013 m
467 2987 539 3019 Fut„
554 2989 642 3021 Siga„
655 2987 735 3012 Miss.
748 2987 768 3016 1,
783 2987 855 3011 Min.
868 2986 901 3015 X,
920 2994 942 3011 c.
960 2993 1004 3018 13¹
1021 2988 1040 3011 ἵ.

1080 1415 1182 1444 Questi
1201 1417 1348 1450 saccheggi
1370 1425 1426 1441 non
1448 1418 1687 1451 danneggiavano
1707 1421 1835 1446 soltanto
1857 1423 1876 1446 il
1898 1425 1979 1447 terri-

1078 1459 1156 1484 torio
1177 1460 1295 1487 nemico,
1317 1467 1360 1484 ma
1381 1461 1469 1484 anche
1489 1462 1586 1492 quello
1608 1469 1656 1494 per
1675 1463 1748 1487 dove
1768 1472 1928 1496 passavant)
1954 1467 1980 1489 le

1080 1502 1196 1529 milizie,
1222 1510 1236 1526 e
1255 1503 1265 1526 i
1285 1503 1419 1534 Perugini
1441 1506 1656 1535 accortamentc,
1679 1514 1693 1530 a
1720 1510 1826 1538 quanto
1853 1508 1980 1532 riferisce

1079 1544 1100 1568 11
1121 1545 1227 1568 Pellini
1248 1546 1387 1576 (llt‘storia
1401 1547 1431 1570 di
1444 1547 1577 1579 Perugia,
1592 1548 1625 1578 11,
1640 1556 1665 1580 p.
1682 1548 1744 1580 741)
1764 1557 1892 1575 avevano
1907 1559 1981 1575 man-

1080 1587 1148 1610 dato
1177 1588 1376 1612 ambasciatori
1404 1589 1430 1612 al
1457 1589 1552 1621 legato
1579 1598 1628 1622 per
1654 1593 1801 1623 prevenire
1826 1593 1915 1617 danni
1935 1595 1980 1617 nel

1081 1628 1206 1654 contado
1227 1629 1291 1652 loro
1310 1637 1323 1653 e
1344 1630 1368 1653 si
1394 1637 1480 1654 erano
1501 1631 1593 1656 offerti
1615 1633 1642 1656 di
1671 1632 1779 1657 fornirc
1806 1635 1981 1668 vettovaglie

1081 1670 1170 1695 finclse
1191 1671 1324 1696 l‘assedio
1344 1672 1467 1698 durasse.

1169 1712 1180 1729 ὅ
1199 1715 1292 1738 Auen.
1313 1714 1357 1739 ST.
1372 1721 1402 1738 Dr
1418 1715 1488 1746 Fm„
1507 1716 1593 1747 sign..
1609 1717 1722 1747 Miss.1‚
1737 1718 1807 1743 Min.
1821 1720 1855 1749 X,
1871 1728 1894 1743 c.
1912 1726 1959 1751 132
1974 1724 1980 1734 ⁸

1083 1756 1198 1780 Firenze
1218 1758 1328 1788 compie
1349 1759 1355 1781 i
1378 1758 1463 1789 primi
1483 1759 1538 1782 atti
1559 1759 1587 1782 di
1601 1764 1731 1791 governo
1747 1761 1832 1784 d‘una
1846 1759 1917 1786 cittzi
1931 1762 1983 1785 che

1082 1800 1105 1822 si
1127 1799 1248 1831 dispone
1268 1799 1326 1823 alla
1345 1807 1453 1831 guerra,
1473 1799 1537 1824 cine
1555 1801 1576 1824 il
1597 1802 1848 1827 consolidamento
1863 1803 1907 1827 dei
1923 1804 1984 1827 luo·

1083 1842 1133 1873 ghi
1154 1841 1304 1865 fortificati
1323 1849 1337 1865 e
1365 1843 1386 1865 il
1409 1842 1520 1866 divis-to
1542 1843 1772 1875 d’esporiazione:
1792 1845 1865 1869 delle
1888 1849 1984 1869 vetto-

1084 1883 1178 1915 vaglie
1198 1884 1288 1916 (1474,
1307 1885 1415 1916 giugno
1434 1884 1541 1917 26-27):

1175 1926 1187 1939 ‘¹
1199 1925 1411 1951 Commissione
1425 1935 1441 1951 a
1455 1927 1538 1951 Piero
1551 1928 1580 1952 di
1596 1928 1708 1953 Lutozo
1722 1930 1877 1955 deliberata
1892 1932 1938 1955 die
1954 1931 1985 1955 εί»

1087 1969 1186 1992 “iunii
1210 1975 1276 2000 1474
1287 1986 1309 1999 η,

1176 2012 1189 2023 ‘¹
1201 2012 1313 2036 Andrai
1333 2013 1358 2035 al
1380 2013 1473 2044 Borgo
1488 2022 1501 2037 a
1522 2014 1577 2037 San
1599 2016 1752 2047 sepulchro
1768 2024 1821 2040 con
1837 2019 1905 2048 ogni
1922 2025 1986 2049 pos—

1087 2054 1098 2065 ¹⁴
1112 2053 1196 2077 sibile
1215 2053 1339 2082 celeritii,
1359 2056 1387 2078 et
1407 2057 1570 2086 procurer-ai
1590 2057 1639 2080 che
1659 2058 1752 2088 quella
1773 2060 1846 2083 terra
1861 2060 1902 2083 sia
1917 2060 1986 2083 bene

1087 2095 1101 2108 “
1112 2095 1257 2127 guardata,
1269 2097 1297 2120 et
1308 2096 1333 2119 10
1352 2098 1444 2120 straze
1454 2098 1487 2128 (ἓ)
1502 2098 1582 2122 5ἰοηο
1596 2099 1666 2122 bene
1682 2099 1788 2123 fornite
1802 2108 1851 2132 per
1865 2103 1985 2132 rispetto

1087 2137 1141 2161 “di
1161 2138 1253 2168 quelle
1271 2139 1356 2170 gente
1375 2138 1479 2163 d’arme
1498 2140 1548 2163 0110
1568 2142 1589 2164 51
1612 2141 1675 2165 dice
1701 2149 1790 2166 essere
1810 2144 1833 2166 α’
1855 2144 1943 2167 danni
1957 2143 1984 2166 di

1089 2177 1190 2204 “Cittsi
1204 2180 1231 2204 di
1247 2178 1386 2205 Castello.
1423 2181 1511 2213 Dipoi
1527 2183 1615 2206 trarai
1632 2183 1736 2208 l'ochio
1751 2192 1767 2208 a
1781 2186 1849 2209 tutti
1863 2185 1905 2218 gli
1919 2186 1987 2209 altri

1089 2222 1102 2235 ¹²
1114 2223 1205 2246 nostri
1219 2223 1330 2255 iuoghi,
1343 2223 1416 2247 dove
1430 2225 1451 2247 ti
1468 2222 1550 2256 parra
1570 2233 1659 2249 055010
1680 2227 1708 2250 (11
1728 2227 1852 2259 bisogni,
1874 2229 1902 2252 in
1918 2230 1985 2252 tutti

1091 2266 1101 2278 ‘⁴
1114 2265 1210 2296 quegli
1230 2265 1330 2297 luoghi
1344 2267 1393 2289 che
1408 2267 1431 2290 ti
1452 2274 1562 2297 pnresse
1577 2268 1605 2291 di
1620 2268 1753 2300 bisogno.
1792 2270 1855 2293 Non
1872 2271 1988 2295 lasciatv

1090 2306 1206 2331 “uscire
1225 2307 1404 2340 vectuvaglie
1423 2308 1451 2331 di
1473 2316 1592 2333 nessuna
1615 2311 1741 2342 ragione,
1769 2311 1803 2335 ni:
1819 2312 1894 2337 della
1914 2316 1987 2337 terra

1091 2349 1159 2373 “del
1180 2350 1284 2381 Borgo,
1305 2348 1338 2374 ne
1357 2350 1462 2374 d’altro
1489 2354 1590 2376 nostro
1611 2353 1709 2385 luogo.
1731 2353 1764 2377 ni·
1785 2355 1905 2379 1115011110
1923 2356 1988 2379 dare

1091 2392 1217 2416 “ricctto
1237 2399 1254 2415 ο
1274 2393 1455 2425 vectuvaglia
1475 2393 1509 2417 ad
1530 2395 1630 2419 alcuna
1650 2400 1735 2427 geute
1755 2397 1860 2421 d’arme
1874 2406 1891 2421 o
1913 2407 1926 2422 11
1943 2406 1985 2422 cn-

1092 2436 1103 2448 “
1116 2435 1193 2459 vallo
1208 2442 1224 2458 o
1243 2442 1259 2458 a
1279 2436 1343 2467 pie'‚
1364 2436 1412 2459 che
1433 2437 1512 2460 sieno
1528 2438 1577 2461 1110
1593 2438 1699 2462 vadinn
1715 2448 1728 2463 11
1743 2440 1825 2463 oflcsa
1846 2441 1987 2469 d'alcuna,

1091 2477 1104 2490 “
1116 2475 1215 2510 perche
1229 2477 1280 2500 noi
1294 2478 1383 2501 siamo
1396 2479 1480 2502 amici
1496 2479 1526 2503 di
1546 2481 1679 2504 ciascuno
1699 2483 1727 2505 et
1741 2489 1793 2505 0011
1809 2490 1926 2513 ognuno
1941 2491 1988 2507 vo-

1090 2520 1199 2544 “liamo
1219 2519 1246 2543 la
1266 2527 1344 2552 pace.
1380 2520 1445 2544 Non
1467 2521 1583 2546 lasciate
1605 2525 1700 2547 venire
1717 2524 1758 2547 ne*
1774 2526 1879 2548 terreni
1897 2527 1988 2550 nostri

1092 2561 1104 2574 α
1117 2562 1218 2586 alcuna
1231 2569 1298 2586 cosa
1312 2562 1428 2594 predata
1443 2563 1477 2587 da
1492 2564 1594 2588 alcuno
1610 2565 1731 2596 soldato,
1751 2569 1777 2590 et
1793 2574 1850 2590 non
1872 2568 1989 2592 lascian·

1092 2604 1104 2617 ²
1117 2605 1152 2628 ad
1171 2604 1275 2629 alcuno
1295 2605 1337 2628 de’
1358 2606 1450 2629 nostri
1469 2613 1631 2638 comperare
1651 2614 1668 2631 ο
1689 2608 1719 2632 in
1740 2609 1839 2633 alcuno
1856 2610 1939 2633 inodo
1954 2612 1988 2633 ri-

1092 2646 1105 2658 “
1117 2653 1213 2670 cevere
1225 2646 1324 2670 alcuna
1341 2647 1398 2670 tale
1411 2655 1485 2676 00511,
1500 2648 1637 2672 (accendo
1650 2656 1715 2673 cura
1730 2658 1744 2674 11
1759 2651 1809 2674 tuli
1826 2652 1988 2683 provisioni

1092 2688 1105 2701 “
1115 2690 1142 2712 et
1153 2688 1256 2712 terrori
1266 2690 1293 2712 et
1305 2689 1450 2720 punitioni
1462 2693 1562 2714 contra
1572 2690 1618 2714 chi
1628 2692 1739 2720 errassi,
1749 2692 1798 2715 che
1809 2693 1850 2717 sia
1861 2695 1991 2725 exemplo

1090 2730 1103 2742 ⁰
1116 2731 1174 2762 agli
1195 2730 1261 2754 altri
1277 2730 1426 2755 d'ubidire.
1459 2731 1483 2754 A
1504 2731 1592 2756 Baldo
1613 2733 1742 2764 Tedaldi‚
1762 2735 1783 2758 il
1803 2736 1886 2766 quale
1906 2736 1989 2760 hava-

1091 2774 1161 2797 “mo
1182 2773 1317 2797 mandato
1332 2780 1385 2796 con
1406 2776 1483 2797 certa
1501 2775 1711 2804 commissione,
1738 2778 1914 2801 scriviumoli
1941 2779 1990 2802 che

1091 2815 1244 2839 “ubidisca
1265 2823 1280 2839 a
1300 2818 1337 2844 te,
1367 2817 1526 2840 intenderat
1551 2818 1647 2848 quello
1668 2818 1735 2842 harh
1767 2820 1853 2847 facto.
1873 2823 1899 2844 et
1932 2829 1990 2845 non

1093 2860 1104 2871 ‘¹
1117 2857 1248 2882 havendo
1259 2865 1350 2882 messo
1363 2859 1398 2882 ad
1412 2860 1574 2883 esecutione
1588 2860 1614 2884 la
1630 2863 1728 2885 nostra
1742 2863 1950 2892 commissione,
1965 2864 1989 2888 la

1091 2902 1102 2915 ‘⁴
1115 2901 1197 2932 quale
1210 2901 1263 2924 ben
1278 2902 1329 2931 sai,
1345 2902 1379 2924 fa'
1394 2901 1490 2932 quello
1510 2903 1586 2926 credi
1606 2904 1647 2927 sia
1668 2903 1688 2927 11
1708 2904 1830 2937 bisogno
1851 2909 1950 2930 nostro
1964 2910 1990 2930 et

1094 2945 1105 2956 ⁸⁴
1120 2943 1146 2966 la
1159 2944 1258 2966 nostra.
1269 2941 1402 2971 volontiu
1416 2951 1470 2968 con
1486 2944 1638 2976 diligentia
1659 2947 1769 2970 attendi
1783 2955 1797 2971 a
1812 2949 1880 2972 tutti
1896 2948 1992 2980 quegli

1098 2990 1109 2998 ⁴¹
1122 2986 1296 3013 undamenti,
1309 2988 1337 3010 et
1351 2985 1396 3010 cio
1409 2986 1460 3010 che
1474 2994 1565 3019 segue,
1579 2986 1608 3011 dl
1623 2995 1672 3019 per
1686 2987 1724 3020 di,
1739 2997 1772 3013 ue
1786 2987 1832 3014 den
1849 2991 1960 3014 notizia
1972 3009 1994 3022 ,.

2007 1472 2042 1496 40

2011 1685 2041 1711 45

2016 2111 2046 2136 55

2016 2314 2050 2337 60

2017 2526 2049 2559 65

2020 2957 2051 2983 73
