2388 3439
171 336 216 350 uon
228 333 309 352 erecte,
328 331 358 350 ivr

170 358 316 380 cessustardi,
325 358 355 377 in-

170 387 240 408 teger,
256 385 355 404 modera-

171 414 212 430 tus.

149 437 265 461 Eugenius
306 439 359 458 1111.

174 464 285 484 Nicolaus
300 466 327 484 Υ.

143 490 359 510 Commentaria

170 517 269 539 cesaris,
281 518 359 537 sveno-

171 543 223 562 nius
239 545 361 568 Tranquil-

170 570 212 591 lus.
258 571 355 595 Quintus

170 597 269 616 Curtius.

145 623 234 643 Nicolai
278 624 355 644 Vitelli

169 650 287 670 tolerantia
295 651 353 670 labo-

169 682 225 695 rum.

143 703 262 722 Preturae:
293 710 357 728 peru-

168 730 224 752 sina,
246 731 356 754 senensis,

169 755 295 776 florentina.

142 1021 265 1041 Tormenta
294 1022 356 1046 omni<

167 1048 283 1067 danorum.

146 1182 158 1200 'l
167 1182 224 1201 ursis
234 1182 319 1202 munita
328 1182 356 1201 ab

167 1208 294 1232 oppidanis.

137 2147 161 2167 P.
183 2147 283 2172 Epirota,
297 2149 352 2168 Clui-

164 2174 232 2204 llnus-
260 2176 350 2201 [Form-

162 2206 253 2220 mensus.

138 2424 199 2449 Ignis
220 2427 325 2449 quantus.

137 2689 239 2713 Eruptio.

383 209 432 245 20
730 233 733 235 -
1112 212 1343 249 ROBERTI
1370 213 1490 250 URSI

383 333 540 365 sissimus.
580 335 696 367 Vitam
721 336 851 368 iuvenis
876 338 909 367 in
933 337 1035 368 Curia
1060 338 1155 369 duxit
1172 338 1339 374 Romana,
1364 339 1455 379 apud
1480 339 1671 381 Eugenium
1696 346 1862 380 quartum,
1880 346 1913 371 et
1930 340 2109 372 Nicolaum
2128 340 2225 382 quin-

380 393 449 418 tum
473 388 505 427 (a
528 399 596 429 quo
621 399 725 430 eques
751 390 874 429 tactus)
900 391 1077 431 pontifices
1102 391 1274 428 maximos,
1299 391 1421 433 quibus
1438 392 1620 424 admodum
1640 393 1815 424 familiaris
1832 393 1951 424 extitit.
1993 393 2218 425 Historiarum

385 441 531 472 lectione
557 453 616 482 pre
642 444 786 474 caeteris
811 444 963 485 apprime
989 444 1179 476 delectatus
1205 451 1264 481 est,
1296 456 1337 476 ex
1362 444 1484 487 quibus
1517 446 1711 477 innumeras
1739 447 1901 489 memorie
1932 446 2163 483 mandaverat,
2188 452 2222 477 et

383 500 461 525 ante
486 495 570 526 alias
594 495 750 527 Caesaris
768 498 1020 534 commentaria,
1037 497 1235 529 Svetonium
1253 497 1295 530 'et
1313 497 1477 534 Quintum
1495 498 1664 534 Curtium;
1683 506 1859 540 praeturas
1876 500 2026 542 insignes
2043 499 2223 531 nonnullas

384 547 718 589 magnificentissime
744 550 823 591 egit,
848 551 1053 591 perusinam,
1077 561 1256 582 senensem
1286 558 1319 582 et
1343 551 1566 588 florentinam,
1591 558 1640 583 tot
1664 552 1916 595 magistratibus
1940 552 2088 584 feliciter
2104 552 2220 595 gestiS‚
2259 550 2277 583 5

380 600 512 642 magnis
544 600 712 632 clientelis
745 608 778 633 et
802 603 949 633 nominis
973 614 1013 634 ac
1039 603 1188 634 familiae
1214 604 1368 635 claritate
1401 603 1663 641 cele'berrimus‚
1696 605 1803 648 patrie
1829 616 1864 636 se
1896 604 1970 636 urbi
1992 605 2115 636 invitus
2146 604 2224 636 red·-

378 652 479 684 didit:
514 654 567 685 cui
592 654 728 697 longam
753 656 891 698 triginta
915 666 1080 687 annorum
1112 667 1233 697 pacem
1265 658 1407 698 paravit,
1433 664 1466 688 et
1490 658 1579 688 omni
1608 669 1694 689 aevo
1718 659 1918 699 peperisset,
1943 658 2007 689 nisi
2036 658 2100 689 hac
2129 657 2218 689 obsi-

380 705 482 737 dione
508 707 639 738 cinctus
663 707 911 748 prohiberetur,
947 720 1048 751 quam
1081 710 1170 741 omni
1203 710 1380 752 diligentia
1413 711 1704 751 impresentiarum
1737 712 1931 753 propellere
1965 711 2093 747 studet;
2125 711 2220 742 senio

379 758 501 800 grandi
526 760 607 791 licet
631 761 820 796 confectus,
852 762 985 805 vigilias
1010 769 1123 794 tamen
1147 763 1390 804 patientissime
1417 763 1558 804 perfert,
1583 770 1617 795 et
1640 764 1675 795 in
1699 770 1792 796 tanta
1816 765 1904 796 mole
1938 775 2105 800 curarum,
2130 763 2222 794 nulla

378 811 580 854 fatigatione
605 814 795 852 resolvitur,
820 826 885 847 nec
910 816 1014 847 ullum
1038 827 1170 848 morose
1195 817 1376 859 gravisque
1403 817 1588 848 senectutis
1612 817 1863 849 incommodum
1888 818 2044 849 sustinet:
2069 827 2135 859 que
2153 827 2223 848 om·
2244 816 2282 847 10

378 864 433 894 nia
468 866 713 912 modestissime
746 875 779 899 et
812 869 1101 913 continentissime
1134 870 1317 901 iuventutis
1341 876 1444 901 testes
1480 877 1514 902 et
1539 871 1689 911 praemia
1714 877 1904 912 supersunt.
1952 871 2018 902 Hic
2042 877 2155 902 autem
2179 880 2224 900 an

378 918 472 957 pacis
496 918 634 957 artibus,
648 931 692 951 an
716 921 833 966 militie
858 923 1085 963 praestantior
1110 923 1223 959 suerit,
1248 923 1283 954 in
1306 923 1466 966 ambiguo
1491 930 1551 955 est.
1600 923 1792 961 Caeterum,
1817 925 1897 956 dum
1921 925 1956 955 in
1980 923 2063 956 urbe
2080 923 2224 967 geminis

378 971 532 1003 menibus
557 979 591 1004 et
614 985 715 1005 manu
740 975 883 1007 militum
908 976 1021 1008 valida
1047 987 1082 1008 se
1109 977 1311 1013 contineret,
1336 977 1487 1019 iniquum
1522 988 1563 1009 ac
1595 984 1693 1019 turpe
1718 978 1848 1010 ducens
1879 978 2048 1021 ignaviter
2071 977 2226 1019 opprimi,

382 1024 454 1064 ipse
473 1035 620 1067 quoque,
637 1026 810 1068 dispositis
827 1029 1012 1065 tormentiS‚
1037 1036 1149 1060 castra
1174 1030 1318 1061 hostium
1332 1030 1495 1061 inferiora
1520 1031 1763 1072 superioraque
1780 1030 1941 1072 repulsat,
1958 1041 2111 1072 quorum,
2128 1040 2226 1071 repe-

376 1077 444 1108 titis
468 1078 591 1110 ictibus
615 1080 779 1115 deterriti,
794 1092 1019 1122 sepenumero
1043 1082 1086 1114 de
1112 1083 1345 1124 permutandis
1362 1084 1481 1115 castris
1498 1083 1785 1120 consultaverunt,
1800 1094 1875 1115 cum
1892 1094 1961 1115 non
1980 1083 2055 1115 illos
2078 1083 2224 1116 tentoria
2251 1082 2288 1114 15

379 1137 412 1162 et
436 1131 658 1164 tabernacula
682 1135 970 1175 quemadmodum
996 1135 1153 1168 obsessos
1177 1142 1267 1168 tecta
1293 1142 1486 1168 tuerentur:
1510 1137 1648 1169 tandem
1673 1148 1741 1169 non
1765 1148 1800 1169 se
1825 1143 1913 1169 tutos
1937 1137 2143 1169 arbit-rantur
2161 1138 2224 1168 nisi

380 1183 499 1226 longos
523 1186 677 1228 altosque
709 1198 855 1230 aggeres
887 1194 1053 1226 extruant,
1082 1200 1149 1231 qua
1180 1196 1423 1221 tormentorum
1456 1190 1550 1222 furor
1581 1191 1689 1233 magis
1719 1190 1887 1233 dirigitur,
1917 1191 2032 1222 turrim
2056 1197 2223 1236 preterea,

377 1244 470 1269 extra
495 1245 626 1280 portam
651 1242 961 1281 septemtrionalem
986 1242 1031 1274 ad
1055 1243 1231 1285 sexaginta
1256 1254 1385 1284 passus,
1409 1244 1593 1285 antiquam,
1608 1244 1773 1275 Nicolaus
1789 1243 1937 1275 Vitellus
1960 1244 2092 1286 magnis
2115 1245 2223 1275 muni-

375 1291 532 1328 tionibus,
550 1295 827 1336 propugnaculiS,
844 1296 1004 1340 presidio,
1022 1297 1265 1338 tormentisque
1284 1296 1522 1328 communivit!
1569 1297 1668 1337 Hanc
1694 1298 1817 1334 hostes,
1831 1298 1950 1340 aggeri
1967 1308 2026 1329 suo
2047 1298 2223 1330 imminen-

376 1351 455 1382 tem,
483 1346 574 1377 ferre
600 1354 791 1389 nequeunt3
816 1348 947 1380 hostilis
971 1349 1060 1380 enim
1086 1360 1205 1392 agger,
1231 1356 1263 1381 et
1288 1350 1345 1391 qui
1371 1360 1433 1391 pro
1458 1361 1585 1393 aggere
1612 1351 1783 1382 constituti
1810 1351 1958 1388 fuerant,
1977 1351 2049 1382 sine
2065 1351 2234 1383 intermis-
2257 1352 2299 1383 20

374 1399 468 1431 sione
493 1399 778 1442 inquietabantur.

788 1534 931 1567 Tmuus
956 1545 1219 1568 OPPIDANORUM
1243 1546 1383 1569 EXUSTA
1408 1546 1432 1568 Α
1458 1537 1549 1569 ΡῙΝΟ
1573 1537 1810 1569 ORDELAPHO.

464 1618 567 1650 Pinus
591 1619 809 1661 Ordelaphus
833 1621 886 1652 cui
912 1622 1123 1662 superiorum
1148 1627 1334 1654 castrorum
1361 1633 1489 1654 summa
1514 1622 1645 1654 credita
1671 1628 1754 1659 erat,
1779 1629 1813 1655 et
1844 1633 1910 1654 una
1935 1623 2090 1665 plerique
2115 1621 2222 1655 duces

372 1672 488 1702 turrim
514 1673 602 1704 hanc
627 1672 813 1705 incendere
838 1684 879 1705 ac
904 1674 975 1706 solo
1000 1685 1126 1718 equare
1151 1680 1311 1707 statuunt.
1358 1676 1470 1707 Nocte
1496 1676 1610 1717 itaque
1636 1676 1849 1717 intempesta,
1874 1686 1941 1708 nox
1972 1676 2061 1707 enim
2090 1675 2221 1718 syderi-

373 1723 434 1755 bus
459 1731 532 1756 erat
556 1726 704 1763 illustris,
728 1727 855 1758 maiore
881 1728 1055 1768 copiarum
1080 1734 1176 1769 parte
1202 1735 1314 1760 castra
1339 1729 1523 1761 admovent
1559 1736 1592 1761 et
1620 1730 1654 1760 in
1685 1740 1788 1760 unum
1820 1735 1954 1766 coeunt,
1986 1728 2221 1772 ignorantibus
2246 1728 2286 1760 25

372 1776 563 1819 oppidania
588 1790 747 1821 quorsum
772 1781 836 1813 hec
861 1781 1053 1818 tenderent,
1079 1788 1112 1813 et
1136 1782 1299 1824 quidnam
1325 1793 1366 1814 eo
1390 1789 1543 1824 tempore
1570 1783 1709 1814 hostiles
1726 1783 1824 1827 copie
1841 1783 2050 1819 molirentur,
2067 1783 2221 1825 quamvis

372 1837 485 1862 tamen
510 1832 552 1863 de
578 1833 710 1863 illorum
735 1833 885 1865 adventu
910 1834 1011 1865 etiam
1028 1834 1072 1865 ab
1089 1834 1344 1867 excubitoribus
1368 1837 1532 1867 certiores
1550 1836 1634 1867 facti
1660 1842 1783 1870 essent,
1801 1835 1968 1867 adventus
1984 1836 2090 1867 nihilo
2106 1841 2220 1867 tamen

372 1885 481 1915 minus
506 1896 641 1916 causam
666 1896 734 1917 non
758 1886 1006 1929 intelligebant,
1032 1898 1072 1918 ea
1096 1894 1236 1929 propter
1260 1899 1322 1929 pro
1346 1889 1440 1925 turri,
1465 1899 1526 1930 pro
1551 1899 1690 1931 aggere,
1715 1899 1776 1929 pro
1801 1888 1955 1920 menibus
1979 1888 2143 1930 dispositi,
2168 1899 2221 1920 re-

372 1948 445 1968 rum
471 1945 627 1969 eventum
653 1938 891 1980 expectabant.
938 1940 1050 1972 Nocte
1075 1947 1188 1972 autem
1213 1941 1392 1979 concubia,
1418 1942 1531 1973 hostes
1551 1942 1595 1974 ad
1612 1942 1728 1974 turrim
1747 1942 1912 1977 feruntur,
1931 1942 2018 1973 hanc
2043 1940 2218 1973 debellare

373 1991 594 2027 contendunt,
619 1992 797 2023 sarmentis
831 1993 1054 2035 virgultisque
1079 1994 1243 2029 advectis,
1269 1995 1382 2037 ignem
1408 1994 1600 2031 subiiciunt,
1625 1995 1682 2037 qui
1707 2005 1784 2026 mox
1808 2005 1914 2036 usque
1940 2005 1981 2026 eo
2009 1994 2160 2031 invaluit,
2184 2000 2220 2026 ut
2243 1994 2285 2025 30

373 2054 535 2087 aggerem
553 2045 661 2086 ipsum
678 2046 950 2088 munitionesque
968 2057 1085 2078 omnes
1102 2048 1412 2089 comprehenderit.
1460 2048 1528 2085 Qui
1546 2054 1658 2080 autem
1676 2048 1816 2090 presidii
1842 2059 1957 2080 curam
1973 2047 2150 2091 gerebant,
2167 2058 2220 2079 sa-

371 2098 475 2140 gittis,
500 2099 629 2136 iaculis,
642 2099 828 2136 tormentis,
852 2100 1009 2142 saxisque
1035 2111 1108 2132 sese
1134 2107 1286 2133 tuentur:
1312 2113 1354 2133 ex
1378 2101 1530 2134 hostibus
1555 2113 1656 2144 quam
1681 2102 1796 2143 plures
1817 2102 1949 2134 saucios
1964 2102 2124 2133 reddunt.
2137 2100 2217 2133 Saxi

374 2150 526 2191 pondere
541 2150 578 2182 P.
593 2151 733 2197 Epirote
749 2163 810 2193 pes
827 2152 947 2184 dexter
960 2159 1146 2191 truncatur,
1159 2153 1314 2185 Chilinus
1332 2154 1578 2196 [For]liviensis
1589 2154 1608 2192 ¹,
1636 2155 1811 2186 familiaris
1826 2165 1930 2191 meus,
1955 2155 2012 2196 qui
2038 2153 2217 2196 equitibus'

373 2211 541 2245 praeerat,
555 2216 636 2236 saxo
654 2206 688 2237 in
705 2205 837 2237 casside
855 2207 1054 2247 percutitur,
1078 2218 1145 2249 quo
1170 2208 1239 2239 ictu
1264 2208 1485 2240 hallucinanti
1511 2209 1628 2240 similis
1651 2208 1805 2240 redditus
1829 2215 1890 2245 est,
1916 2208 1970 2239 hic
1987 2208 2079 2249 apud
2104 2208 2218 2239 hostes

371 2264 540 2298 receptus,
565 2264 599 2290 et
623 2259 735 2290 multis
759 2259 1020 2290 acclamantium
1045 2259 1186 2291 vocibus
1202 2261 1449 2302 interpellatus,
1462 2261 1552 2292 vires
1569 2261 1785 2303 animumque
1803 2259 2001 2302 resumpsit.'
2049 2259 2118 2297 Qui
2136 2271 2217 2292 vero
2242 2260 2281 2291 35

371 2310 405 2340 in
429 2311 510 2341 turri
537 2311 744 2354 pugnabant,
759 2312 837 2354 igne
856 2312 921 2342 iam
938 2322 1066 2343 summa
1090 2314 1348 2356 propugnacula
1372 2320 1551 2356 aequante,
1575 2315 1695 2355 inopes
1711 2325 1823 2345 rerum
1840 2320 1942 2356 atque
1961 2314 2103 2351 consilii,
2120 2313 2218 2345 fune-

371 2364 482 2395 statim
496 2363 756 2401 descendentes,
770 2365 815 2396 ad
828 2364 946 2396 urbem
971 2376 1072 2407 quam
1086 2367 1292 2405 maturrime,
1302 2367 1438 2398 omnino
1451 2368 1727 2405 nonincolumes,
1737 2378 1810 2398 sese
1825 2367 2052 2398 contulerunt.
2076 2367 2216 2398 Interim

377 2417 466 2459 ignis
489 2418 616 2449 maiora
640 2418 742 2460 longe
767 2418 977 2449 incrementa
1001 2419 1137 2460 accipit,
1164 2420 1275 2450 fumus
1298 2426 1372 2451 ater
1396 2420 1475 2452 inde
1501 2431 1651 2458 manans,
1677 2420 1741 2452 celi
1767 2426 1942 2461 aspectum
1968 2419 2090 2451 crebro
2115 2420 2218 2452 inter-

374 2468 533 2511 cipiebat.
566 2471 767 2512 flammeque
793 2477 826 2502 et
857 2471 971 2512 sepius
1002 2472 1278 2514 conglomeratae
1304 2473 1348 2504 ad
1374 2473 1499 2515 sydera
1531 2484 1637 2515 usque
1663 2479 1844 2514 penetrare
1869 2472 2083 2504 videbantur.
2129 2471 2215 2504 Suc-

372 2522 531 2555 currebat
554 2523 635 2554 mihi
660 2524 837 2555 ardentem
862 2524 950 2555 hanc
975 2525 1092 2555 turrim
1117 2526 1285 2566 spectanti
1310 2526 1423 2567 qualia
1455 2526 1558 2559 Troie
1585 2526 1663 2557 olim
1696 2526 1855 2558 incendia
1884 2526 2082 2563 extitissent,
2114 2526 2217 2568 siqui-
2241 2526 2282 2556 40

371 2575 449 2606 dem
473 2577 517 2608 ad
542 2577 626 2608 duas
651 2577 751 2608 horas
775 2588 815 2608 ea
840 2577 973 2608 flamma
997 2571 1204 2609 validissime·
1228 2578 1376 2615 emicuit,
1400 2579 1488 2610 adeo
1512 2585 1548 2610 ut
1572 2579 1725 2620 proxima
1748 2589 1882 2623 queque
1908 2579 1983 2610 loca
2008 2579 2080 2610 eius
2104 2578 2217 2620 splen-

371 2628 454 2660 dore
480 2629 737 2666 illustrarentur,
762 2640 830 2661 non
855 2640 954 2661 secus
977 2640 1018 2661 ac
1043 2631 1069 2661 si
1095 2631 1208 2662 medio
1233 2631 1281 2661 sol
1306 2631 1362 2662 die
1389 2631 1563 2663 illuxisset.
1606 2631 1657 2663 Eo
1682 2632 1784 2674 igitur
1808 2638 1919 2672 pacto,
1934 2642 2010 2662 etun
2036 2631 2150 2663 hostes
2182 2637 2216 2663 et

376 2682 518 2713 hostium
544 2683 685 2713 consilia
709 2683 805 2714 simul
831 2689 997 2723 paterent,
1022 2694 1086 2714 nec
1111 2683 1274 2724 oppidani
1299 2684 1333 2714 in
1350 2683 1500 2715 tenebris
1517 2691 1691 2716 versantes
1708 2691 1940 2721 cernerentur,
1954 2684 2043 2715 omni
2061 2695 2103 2715 ex
2119 2690 2215 2725 parte

371 2734 414 2765 ab
438 2734 583 2766 obsessis
609 2736 700 2767 facta
725 2736 988 2777 compressione,
1022 2736 1180 2768 celeriter
1205 2737 1428 2773 concurritur,
1453 2738 1511 2768 diu
1535 2738 1714 2778 preliatum
1740 2744 1791 2769 est
1802 2738 1945 2769 acriter:
1971 2738 2089 2769 horum
2113 2737 2216 2769 virtu-

371 2794 438 2819 tem
470 2795 504 2819 et
535 2789 696 2829 impetiun
722 2789 835 2821 hostes
858 2790 1004 2821 tolerare
1030 2800 1097 2821 non
1129 2790 1292 2826 valentes,
1324 2790 1470 2827 demum,
1503 2791 1653 2822 confecti
1679 2790 1885 2827 vulneribus,
1910 2797 2006 2833 terga
2031 2796 2214 2827 verterunt,
2239 2791 2279 2821 45

471 2950 519 2976 'Si
543 2956 630 2987 tratta
649 2955 676 2977 di
699 2962 754 2978 uno
776 2955 850 2979 della
864 2955 993 2987 famiglia
1009 2954 1119 2979 Chelini
1136 2956 1170 2979 da
1186 2953 1262 2979 Foru
1319 2953 1407 2984 Foru,
1432 2955 1506 2984 1826,
1526 2955 1558 2986 ΙΙ,
1582 2957 1652 2986 207).

373 3003 386 3018 e
409 2995 481 3019 forse
506 2996 535 3019 cli
564 2996 678 3020 Andrea
705 2996 819 3021 Chelini
846 2997 981 3029 (Bonum,
1011 2997 1099 3021 Storia
1124 2998 1155 3021 di
1178 2997 1261 3025 Forli,

460 3110 477 3133 l.
497 3118 512 3141 4
531 3112 558 3135 et
577 3108 715 3137 Quintum
739 3111 766 3140 A,
785 3119 810 3143 p.
831 3119 872 3143 49.
894 3124 925 3130 ο·-
948 3112 963 3135 l.
985 3110 1000 3135 6
1020 3112 1167 3136 -berrimus
1188 3113 1279 3147 patrie
1308 3113 1334 3143 T,
1357 3119 1379 3135 c-
1399 3111 1459 3145 696.
1482 3126 1513 3129 —
1533 3112 1551 3136 1.
1575 3120 1604 3145 19
1624 3113 1703 3136 Hanc
1722 3113 1755 3139 A.
1776 3120 1802 3145 p.
1823 3119 1862 3145 50.
1887 3125 1915 3129 —
1936 3113 1953 3136 l.
1975 3119 2007 3144 34
2027 3114 2153 3144 praeerat
2181 3114 2209 3142 T,

372 3162 393 3178 c.
412 3153 473 3187 697.
493 3167 525 3172 —-
545 3155 564 3178 1.
582 3160 614 3186 35
637 3154 693 3184 Qui
715 3163 780 3180 vero
800 3156 832 3188 A,
853 3163 880 3188 p.
902 3162 942 3188 51.
