2388 3439
336 201 540 238 XXXVIII
1027 198 1083 234 IN
1110 198 1342 234 ROBERTI
1369 198 1488 234 URSI

426 329 608 353 Illustrissimo
627 328 739 352 Domino
754 326 866 351 Domino
876 326 1027 350 Alexandro
1050 326 1142 349 Vitello
1162 326 1188 349 T
1185 326 1321 356 iphernati
1334 325 1509 357 Hieronymus
1524 326 1667 350 Cerbonz'us
1688 326 1833 356 Tz‘plzernas
1845 334 1872 350 se
1881 329 1924 356 pl,
1943 332 2031 350 comm.

425 377 555 401 Libellum
575 378 606 400 dc
631 376 769 401 Obsidione
797 375 1000 405 Thsplzernatum
1020 375 1080 398 olim
1101 383 1117 398 α
1133 375 1280 405 praeclaro
1302 374 1366 406 Jur.
1389 375 1464 398 Cons.
1480 375 1595 398 Roberlo
1615 375 1680 399 Urso
1694 374 1864 403 Ariminensi,
1878 378 1938 399 lunc
1952 375 2075 405 temporis
2094 375 2172 400 Urbis

337 430 442 450 nostrae
462 427 601 453 Praetore,
618 426 732 449 Roberto
747 425 911 447 Alalatestae
921 423 1036 447 Arimin.
1050 423 1176 453 Principe
1187 423 1311 453 dicatum,
1332 424 1359 446 in
1378 425 1461 447 lucem
1470 424 1600 456 proferre
1620 424 1701 451 volui,
1721 427 1747 447 el
1767 424 1969 447 Illustrissimae
1988 424 2173 448 Dominatiotti

338 478 398 498 tuae
419 474 556 505 auspicari
573 474 599 497 in
619 474 723 497 laudem
738 474 902 503 praeclarae
922 473 1022 496 Domus
1042 475 1110 499 tuae.
1132 475 1158 495 et
1176 471 1303 495 maiorum
1321 480 1435 501 suorum,
1455 480 1486 496 ac
1500 472 1621 502 patriae.
1658 473 1747 497 Plura
1766 473 1833 496 enim
1854 481 1882 496 eo
1896 473 2026 496 volumine
2044 474 2171 503 reperies,

337 533 402 556 quae
416 525 453 548 ad
464 525 540 548 decus
559 525 664 548 illorum
680 523 824 554 pertinent,
844 526 870 546 et
888 522 974 546 dictae
1000 521 1148 546 Obsidz'onis
1168 524 1364 545 excusatmnem.
1404 522 1495 554 Quare
1510 524 1536 544 et
1551 521 1752 545 Hlustrissz'mae
1766 521 1948 545 Domz'nalt'onz
1968 525 2028 545 tuae
2042 522 2173 552 imprimis

338 577 364 597 et
377 573 487 605 reliquis
508 573 616 597 Civibus
632 576 753 605 gratam,
774 575 800 595 el
811 572 954 604 jocundum
973 571 1093 600 fulurum
1112 574 1197 600 spero.
1236 570 1344 600 Suscipe
1363 570 1452 601 igitur
1468 573 1552 601 gralo
1566 570 1660 599 animo,
1680 573 1707 594 et
1724 570 1809 594 hilari
1819 570 1924 602 fronte,
1939 573 1965 594 et
1977 579 2032 594 cum
2046 571 2111 602 quid
2120 571 2169 595 ociz

336 625 426 647 nactus
432 622 535 655 fueris,
554 622 698 646 recreandi
714 621 798 645 animi
815 629 896 645 causa
915 621 1008 652 legere
1028 627 1076 644 non
1099 619 1298 651 dedignaberis.
1344 619 1415 642 Vale.

423 698 518 722 Musas
534 705 643 729 quoque
663 698 779 722 Latinas
799 697 948 730 praecipue
967 695 1121 725 adamavit,
1141 697 1168 720 et
1188 696 1253 720 ideo
1272 696 1397 720 scribens
1416 695 1451 719 ad
1476 695 1620 719 Andream
1645 695 1760 719 Bassum
1787 695 2000 724 Ferrariensem,
2026 694 2173 719 Theseidis

337 747 380 773 Io.
396 747 527 772 Boccacii
546 748 749 780 expositorem,
774 747 896 779 ingenue
914 746 970 770 ait:

866 822 916 846 Nil
933 821 997 845 mihi
1015 829 1071 845 cnm
1097 820 1215 848 Graecis,
1236 820 1317 844 libros
1337 820 1400 844 mila·
1421 820 1494 844 mitte
1514 820 1634 848 Latinos,

935 871 981 894 sub
1000 869 1097 894 nostris
1116 870 1205 894 dulces
1223 869 1342 893 novimus
1361 877 1415 893 esse
1428 868 1524 901 savos.

424 947 459 971 Et
478 947 544 971 hinc
564 948 605 971 est
625 946 700 978 quod
719 946 826 971 Romae
845 947 876 970 in
895 947 1071 971 Bibliotheca
1090 946 1239 976 Vaticana,
1258 947 1342 978 atque
1361 946 1391 970 in
1412 952 1443 969 ea
1463 946 1532 969 olim
1553 945 1778 969 Eminentissimi
1799 945 1957 974 Passionei‚
1978 945 2125 970 Bononiae
2145 946 2175 969 in

338 995 515 1020 Bibliotheca
536 995 675 1026 instituti,
700 995 828 1020 Venetiis
854 995 884 1018 ln
910 1003 942 1019 ea
968 995 1103 1028 Apostoli
1130 996 1199 1019 Zeni
1227 995 1301 1027 apud
1326 994 1548 1024 Praedicatores,
1574 1001 1606 1018 ac
1632 994 1742 1018 demum
1767 993 1930 1018 Florentiae
1957 994 1986 1017 in
2013 993 2174 1018 Stroctiana

337 1045 403 1069 Mss.
423 1044 541 1069 Codices
561 1046 739 1076 reperiuntur
759 1045 938 1069 continentes
958 1044 1078 1076 Elegias,
1097 1046 1181 1075 atque
1200 1044 1413 1077 Epigrammata
1431 1043 1549 1067 Roberti
1570 1043 1644 1068 Ursi.
1682 1043 1751 1067 Item
1771 1050 1817 1067 eas
1843 1042 1972 1067 extitisse
1992 1044 2048 1067 iam
2068 1044 2123 1076 legi
2145 1045 2175 1068 in

337 1094 513 1118 Bibliotheca
532 1093 708 1118 Stosckiana.

425 1142 526 1166 Ursum
545 1143 649 1167 Assisii
671 1143 843 1167 Potestatem
863 1143 981 1166 invenio
1002 1142 1052 1167 sub
1073 1150 1117 1167 an.
1140 1141 1214 1174 1464.
1251 1142 1351 1167 Postea
1370 1141 1552 1174 Capitaroeus,
1579 1143 1609 1165 ut
1635 1142 1725 1171 aiunt,
1745 1140 1919 1166 Tudertinus
1939 1143 2048 1167 creatus
2067 1144 2109 1167 est
2128 1151 2176 1175 per

336 1192 446 1216 Bullam
466 1192 570 1216 Summi
592 1192 739 1216 pontificis
752 1192 809 1216 diei
830 1199 860 1224 31
883 1191 981 1215 Martii
1005 1198 1072 1224 1470
1093 1199 1144 1223 pro
1164 1198 1240 1215 anno
1257 1197 1321 1224 1471
1336 1192 1364 1215 et
1379 1198 1432 1222 seq.
1443 1191 1564 1222 Jacobus
1578 1190 1724 1214 Villanius
1738 1189 1857 1214 Sanctae
1871 1190 2000 1222 Agathae
2019 1191 2176 1224 Episcopus

335 1241 368 1265 de
387 1242 530 1266 Praesulis
550 1241 779 1265 Ariminensibus
798 1249 860 1265 eum
881 1241 1010 1264 meminit
1029 1242 1170 1272 tamquam
1192 1240 1348 1265 Cremonae
1367 1238 1527 1263 Praetorem
1544 1247 1586 1263 an.
1604 1244 1679 1271 1472.
1716 1239 1846 1270 Denique
1859 1239 2022 1263 Praeturam
2037 1239 2177 1272 Tipherni

335 1291 492 1315 exercuisse
510 1290 559 1313 sub
579 1297 624 1313 an.
648 1296 722 1322 1474.
748 1289 836 1314 Ursus
856 1290 917 1321 ipse
937 1290 1050 1319 fatetur,
1070 1297 1100 1313 ac
1119 1290 1200 1314 testis
1220 1291 1262 1314 est
1282 1296 1364 1320 supra
1380 1289 1542 1312 nominatus
1562 1288 1729 1315 Cerbonius‚
1743 1289 1870 1321 tempore
1883 1288 1993 1312 scilicet
2006 1289 2175 1319 obsidionis,

338 1346 389 1370 pro
408 1346 461 1369 qua
482 1339 589 1370 Legato
609 1338 790 1370 Apostolico,
808 1345 840 1362 ac
859 1337 1012 1362 Pontificio
1032 1338 1177 1362 Exercitui
1197 1338 1269 1362 male
1289 1338 1416 1362 aflectum
1436 1345 1464 1362 se
1484 1337 1620 1362 ostendit.

425 1387 526 1420 Opella
540 1388 606 1411 haec
622 1387 702 1411 valde
716 1394 776 1411 rare
791 1388 894 1411 citatur
914 1387 1015 1418 absque
1031 1389 1146 1411 nomine
1159 1387 1294 1411 Auctoris
1309 1387 1341 1411 ab
1354 1387 1469 1419 Ignatio
1489 1386 1589 1411 Lazari
1605 1388 1634 1410 in
1649 1386 1726 1411 Serie
1738 1386 1946 1419 Episcoporum
1961 1386 2177 1419 Tiphernatum,

335 1437 382 1467 qui
403 1438 510 1468 inquit:
539 1437 569 1461 Vi
586 1434 598 1459 ὲ
618 1445 650 1460 rm
671 1437 752 1460 Libro
771 1440 910 1467 stampato,
931 1438 974 1460 che
993 1437 1123 1461 s’intitola
1143 1437 1175 1460 de
1196 1437 1353 1461 Obsidione
1373 1436 1589 1468 Tiphernatum,
1609 1437 1676 1460 dove
1695 1444 1741 1459 con
1761 1436 1884 1467 elegante
1903 1436 1964 1460 stile
1979 1445 2039 1460 sono
2052 1437 2178 1461 descritte

336 1489 402 1509 tutte
421 1487 445 1509 le
460 1486 654 1515 particolarzth
674 1486 703 1509 di
720 1489 810 1517 questa
826 1493 941 1517 guerra.
978 1486 1130 1518 Allegatur
1149 1485 1258 1510 Auctor
1277 1486 1310 1509 ab
1331 1485 1474 1517 Ughellio,
1494 1485 1624 1516 aliisque,
1639 1486 1713 1508 inter
1726 1492 1796 1515 quos
1811 1486 1971 1516 nuperrime
1991 1493 2005 1509 a
2025 1485 2097 1510 Viro
2116 1494 2175 1510 eru-

340 1534 482 1558 ditissimo
497 1534 626 1566 Johanne
646 1534 798 1558 Francisco
818 1533 1009 1559 Lancillottio
1030 1541 1046 1558 a
1067 1533 1206 1567 Staphylo
1226 1534 1257 1558 in
1277 1533 1499 1559 Commentariis
1520 1534 1577 1558 suis
1596 1533 1672 1557 Aesii
1697 1532 1782 1557 editis
1802 1540 1845 1557 an.
1868 1531 1942 1565 1765.

2207 820 2238 845 xo

2209 1100 2240 1126 15

2378 815 2385 829 ,-
2372 723 2385 793 <142-
2366 655 2383 703 222„
