2388 3439
96 937 134 969 10

96 1204 132 1236 15

93 1474 134 1505 20

93 1739 134 1771 25

94 2008 136 2039 30

95 2405 135 2437 35

94 2673 135 2703 40

684 204 754 239 DE
783 202 1061 239 OBSIDIONE
1088 198 1479 238 TIPHERNATUM
1952 203 1973 236 2
1984 202 1996 237 l

158 327 239 358 licet
263 327 327 357 iam
352 327 395 358 de
421 326 597 358 redeundo
623 327 655 357 in
682 333 802 360 castra.
828 326 909 357 turri
943 332 1070 359 exusta,
1096 326 1188 366 prius
1216 325 1480 356 consultassent:
1514 324 1574 356 sed
1608 335 1721 355 eorum
1756 324 2002 356 consultatione

159 380 306 420 cognita.
331 380 533 411 cedentibus
558 386 591 411 et
617 379 848 420 incompositis
872 379 1033 419 oppidani
1061 379 1246 414 imminent,
1279 384 1444 421 negantes
1476 378 1541 409 illis
1574 378 1717 419 spatium
1750 388 1785 408 se
1819 378 2002 420 colligendi

158 440 215 464 aut
239 434 447 474 respirandi:
473 433 689 465 caedentium
717 433 751 464 tit
775 432 888 477 cedes,
914 439 982 464 tum
1009 433 1184 464 tormentis
1207 432 1251 463 ab
1276 432 1359 463 urbe
1387 431 1588 467 furentibus,
1621 437 1688 463 tum
1714 431 1793 474 quia
1818 431 2005 463 comminus

159 497 312 529 pugnare
338 493 516 529 coguntur,
541 487 653 518 multis
678 492 790 518 tamen
816 486 1000 527 pernicitas
1025 486 1122 517 saluti
1150 486 1223 517 fuit.

477 628 623 660 Cmmm
650 629 904 660 1³0n1,1v1ENs1s
929 637 1101 660 CAPTURA
1129 638 1173 660 ET
1197 628 1342 660 Cmmm
1367 638 1465 659 conix
1496 638 1695 659 ASSUMPTA.

247 725 456 757 Albescente
482 723 625 755 subinde
658 724 766 756 coelo.
792 724 938 755 necdum
964 724 1179 765 liquidiorem
1204 724 1315 755 lucem
1341 723 1410 755 sole
1437 722 1629 757 referente,'
1664 723 1776 755 hostes
1808 729 2006 763 premuntur

159 778 319 820 undique,
334 789 373 809 ea
398 784 538 819 propter
563 788 711 820 pugnam
737 777 868 809 solvere
895 784 1077 809 conantur:
1103 788 1170 809 non
1187 784 1301 808 tamen
1319 783 1396 809 voto
1414 777 1597 818 potiuntur,
1622 776 1887 808 succedentibus
1903 783 2005 818 atque

158 831 358 874 urgentibus
382 843 401 862 a
426 838 523 874 tergo
547 831 738 872 oppidanis,
772 841 836 863 nec
861 831 1006 871 prelium
1031 831 1170 862 dissolvi
1196 830 1449 864 sustinentibus.
1485 836 1785 872 repugnantesque
1815 829 2004 861 truncanti-

159 883 230 916 bus.
279 885 365 916 Dum
392 885 452 916 hos
465 884 576 916 effuse
594 885 827 926 insequuntur,
845 885 879 915 in
896 890 1140 916 concursantes
1156 884 1338 915 auxiliares
1355 884 1520 920 incidunt,
1538 883 1755 915 invadentem
1774 883 1899 915 nedum
1917 882 2008 914 exci-

158 938 265 979 piunt,
290 938 350 970 sed
375 945 538 979 exceptos
562 938 748 979 repellunt:
782 948 896 969 rursus
928 944 1091 969 renovato
1116 938 1313 973 certamine,
1347 937 1460 968 hostes
1484 947 1560 968 cum
1593 937 1682 968 omni
1708 937 1843 979 agmine
1861 936 2007 967 circum-

157 991 242 1023 actis
265 991 362 1033 equis
385 1002 459 1023 sese
485 990 657 1027 exhibent,
683 1002 724 1022 ex
749 991 871 1033 quibus
895 990 1060 1028 Chilinus,
1081 1002 1182 1033 quem
1208 1001 1288 1022 saxo
1313 1001 1510 1032 percussum
1536 1001 1637 1031 supra
1661 990 1817 1025 diximus,
1843 989 1941 1021 ferox
1969 994 2003 1019 et

157 1044 384 1077 minabundus
409 1045 545 1086 prodiit,
576 1051 817 1087 properantem
842 1046 929 1077 ictus
953 1045 1142 1086 scorpionis
1168 1045 1330 1081 retardat,
1361 1044 1481 1076 dextro
1507 1044 1568 1075 sub
1593 1044 1693 1076 oculo
1718 1043 1839 1075 vulnus
1871 1042 2007 1083 accipit,

158 1109 176 1129 e
195 1098 338 1141 vestigio
363 1109 530 1140 praeceps
554 1098 740 1131 delabitur:
773 1109 837 1130 nec
862 1099 980 1130 mirum
1014 1099 1039 1129 si
1073 1109 1161 1130 nova
1186 1098 1406 1140 percussione
1439 1108 1529 1129 nunc
1555 1097 1692 1133 cecidit,
1717 1097 1773 1138 qui
1799 1107 1880 1127 saxo
1911 1095 2007 1138 gravi

158 1151 259 1193 paulo
283 1158 361 1184 ante
387 1158 623 1184 consternatus
648 1152 770 1184 fuerat.
818 1152 918 1184 Hunc
944 1152 989 1184 ita
1013 1158 1217 1193 prostratum
1242 1152 1318 1183 sotii
1344 1151 1528 1183 vendicare
1554 1150 1776 1186 contendunt,
1801 1156 1834 1181 et
1857 1149 1903 1181 ad
1931 1159 2008 1179 suos

158 1206 332 1237 retrahere
366 1206 442 1237 totis
475 1205 652 1238 conatibus
684 1205 850 1238 laborant.
897 1205 1070 1247 Oppidani
1103 1206 1211 1249 glorie
1243 1216 1284 1237 ac
1317 1205 1500 1247 spoliorum
1533 1204 1675 1236 stimulis
1705 1203 1831 1239 adacti,
1863 1201 2009 1244 pedibus

156 1265 301 1291 tractum
325 1259 446 1291 mediis
472 1271 514 1291 ex
539 1259 690 1291 hostibus
715 1260 923 1300 corripuere,
949 1260 990 1291 et'
1008 1260 1095 1291 intra
1120 1259 1239 1291 urbem
1264 1259 1450 1300 pendulum
1475 1257 1722 1299 sublimemque
1747 1257 1919 1292 deterunt,
1940 1266 2009 1286 ma-

156 1323 294 1355 gnoque
322 1313 458 1355 fragore
484 1313 575 1344 humi
605 1313 776 1349 deiecere,
807 1314 978 1355 armisque
1011 1312 1167 1344 omnibus
1199 1313 1360 1344 enudant.
1408 1312 1537 1344 Nuntio
1561 1311 1642 1342 mihi
1668 1311 1794 1347 delato,
1827 1309 2007 1341 confestim

158 1366 238 1398 illuc
261 1367 473 1403 accelerans,
498 1367 666 1399 iacentem
685 1368 719 1398 in
736 1367 807 1398 solo
833 1367 1125 1408 palpitantemque
1151 1367 1297 1408 reperio,
1315 1365 1611 1409 sanguinolentum
1629 1364 1850 1406 complector,
1867 1364 2002 1395 nomine

159 1421 272 1461 sepius
298 1421 428 1455 vocavi.
454 1420 542 1452 bono
567 1431 641 1453 esse
665 1421 778 1452 animo
796 1421 966 1455 exhortor.
991 1431 1059 1452 non
1082 1431 1102 1452 a
1128 1420 1260 1452 scaevis
1276 1426 1414 1461 captum
1432 1419 1584 1451 hostibus
1599 1419 1739 1454 affirmo,
1764 1418 1885 1459 capitis
1909 1427 2008 1448 omne

158 1474 347 1515 periculum
372 1474 492 1506 abesse
518 1481 632 1506 testor.
679 1474 725 1506 At
750 1474 805 1506 ille
831 1474 914 1505 nihil
940 1485 1088 1516 unquam
1113 1473 1157 1506 ad
1183 1474 1259 1518 hec,
1275 1484 1344 1505 non
1361 1473 1451 1504 enim
1477 1473 1541 1504 fari
1560 1479 1703 1515 poterat,
1728 1482 1792 1504 nec
1818 1477 1853 1503 ut
1877 1481 1964 1506 reor,
1982 1470 2008 1501 si

158 1527 332 1568 potuisset,
349 1527 395 1558 illi
414 1528 637 1559 succurrisset
648 1528 832 1570 ingenium,
850 1538 1016 1560 concusso
1029 1538 1167 1569 prorsus
1180 1526 1334 1564 cerebro,
1352 1527 1513 1569 laesaque
1531 1527 1713 1558 memoriae
1728 1525 1821 1561 sede,
1834 1531 1904 1557 tum
1918 1534 2009 1560 saxo,

160 1587 229 1612 tum
248 1582 439 1622 scorpione.
466 1588 535 1613 tum
553 1581 729 1614 distractu.
754 1581 808 1613 Ne
827 1592 910 1625 ergo
924 1582 958 1613 in
972 1581 1084 1613 media
1103 1582 1275 1623 expiraret
1288 1581 1353 1618 via,
1367 1591 1540 1612 servorum
1558 1579 1714 1611 manibus
1731 1578 1909 1615 sublatum,
1934 1589 2010 1623 prg-

159 1635 253 1666 toriis
277 1635 310 1666 in
327 1634 478 1667 aedibus'
503 1636 611 1676 ipsiun
636 1636 770 1676 recepi,
794 1646 861 1677 quo
886 1634 1024 1671 ibidem,
1048 1641 1106 1667 aut
1130 1634 1222 1677 quod
1247 1635 1314 1678 νὶτεέ
1339 1634 1507 1676 reliquum
1532 1634 1645 1666 fuerat
1661 1633 1842 1675 expiraret,
1859 1631 2008 1663 nondum

159 1688 248 1719 enirn
272 1688 419 1719 animam
443 1699 547 1731 agere
573 1695 723 1730 ceperat,
747 1695 815 1724 aut,
840 1689 866 1720 si
892 1688 1025 1720 medica
1051 1699 1115 1730 ope
1142 1688 1214 1719 fieri
1239 1694 1364 1729 posset,
1392 1687 1437 1718 ab
1461 1687 1563 1719 exitio
1588 1698 1663 1718 mea
1688 1697 1769 1718 cura
1794 1686 2009 1717 eximeretur.

159 1739 269 1782 Capto
301 1741 448 1778 Chilino,
472 1747 615 1782 repente
643 1742 751 1773 omnis
783 1752 897 1785 pugna
929 1742 1135 1778 dissolvitur,
1167 1741 1331 1783 oppidani
1362 1741 1429 1772 iam
1461 1739 1620 1772 liberiore
1653 1750 1774 1781 campo
1806 1739 2010 1774 discurrunt,

159 1800 282 1826 cuncta
307 1795 480 1831 rimantur,
495 1795 709 1831 munitiones,
734 1795 851 1826 turrim
877 1795 1057 1836 omniaque
1083 1795 1161 1837 igne
1186 1793 1365 1836 absumpta
1381 1794 1556 1825 mirantur.
1600 1793 1701 1824 Brevi
1726 1792 1770 1824 ad
1795 1791 2012 1823 restauratio-

159 1857 237 1879 nem
263 1847 441 1879 consilium
466 1848 593 1884 ineunt,
617 1849 793 1880 materiam
817 1848 862 1880 ad
887 1854 1054 1889 oportuna
1072 1848 1314 1879 studiosissime
1333 1847 1516 1883 cumulant,
1542 1853 1575 1878 et
1599 1853 1699 1878 nocte
1717 1846 1870 1887 proxima
1893 1845 2010 1877 turrim

159 1901 266 1942 ipsam
291 1900 398 1933 arduo
424 1901 556 1933 fornice
582 1901 725 1938 firmant,
758 1912 800 1933 ne
833 1908 952 1943 postea
977 1901 1160 1943 suppositis
1184 1901 1325 1932 flammis
1350 1900 1561 1932 concremari
1594 1899 1738 1941 amplius
1763 1899 1878 1940 possit,
1906 1909 2011 1941 agge—

160 1965 230 1986 rem
255 1954 526 1991 circumducunt,
550 1954 713 1987 militibus
736 1955 981 1997 tormentisque
999 1955 1139 1998 egregie
1158 1955 1391 1986 corroborant.
1438 1952 1523 1985 Cum
1538 1954 1601 1998 hec
1619 1953 1731 1985 omnia
1748 1952 1904 1995 sequenti
1922 1952 2010 1988 luce,

159 2007 204 2039 ab
228 2008 419 2050 oppidanis,
445 2009 545 2040 unica
570 2015 669 2040 nocte
694 2008 860 2045 absoluta,
886 2009 1108 2050 prospiciunt,
1132 2018 1198 2052 que
1223 2008 1444 2049 plurimorum
1469 2007 1601 2039 dierum
1619 2007 1765 2043 fuerant,
1783 2017 1899 2038 eorum
1916 2006 2012 2050 inge-

161 2061 263 2095 nium.
288 2062 378 2093 vires
401 2068 504 2104 atque
529 2062 713 2094 sollertiam
739 2062 876 2094 summis
900 2062 1070 2107 preconiis
1095 2062 1270 2094 extollunt.

570 2204 722 2237 PUGNAE
747 2215 796 2236 AD
820 2214 972 2237 PORTAM
996 2214 1235 2237 ORIENTALEM
1259 2215 1305 2236 ET
1329 2214 1620 2236 OCCIDENTALEM.

250 2297 418 2330 Postridie
445 2299 558 2330 hostes
582 2309 658 2330 cum
683 2299 816 2342 magnis
840 2299 958 2340 copiis,
983 2299 1142 2341 omnique
1168 2299 1332 2340 peditatu,
1357 2299 1392 2330 in
1417 2298 1573 2330 obsessos
1599 2298 1764 2334 feruntur,
1781 2297 1825 2329 ad
1843 2308 1917 2329 eam
1935 2308 2013 2338 por-

160 2359 226 2384 tam
252 2363 319 2394 qua
344 2352 534 2383 Ariminum
558 2353 719 2389 tenditur,
745 2359 779 2384 et
795 2363 860 2397 que
878 2353 1043 2384 orientem
1062 2358 1195 2394 spectat
1211 2353 1327 2384 solem.
1372 2352 1436 2384 llic
1461 2352 1542 2384 dum
1556 2352 1806 2393 promptissime
1831 2357 2011 2394 pugnatur,

161 2405 265 2437 Iulius
289 2405 441 2441 Camers,
455 2406 512 2448 qui
538 2412 661 2437 cuncta
687 2405 827 2437 videbat
851 2417 893 2437 ex
917 2406 1005 2437 colle
1030 2416 1132 2448 quem
1156 2406 1236 2437 divo
1261 2406 1397 2449 Angelo
1423 2416 1555 2437 sacrum
1580 2405 1850 2441 memoravimus,
1869 2405 2011 2436 forsitan

159 2465 251 2490 ratus
275 2459 440 2501 reliquam
466 2458 558 2490 urbis
582 2465 713 2500 partem
738 2458 936 2491 custodibus
961 2469 1114 2495 vacuam,
1139 2459 1310 2500 extemplo
1335 2469 1411 2491 cum
1436 2469 1559 2502 magna
1584 2469 1686 2490 manu
1710 2458 1923 2490 velocissime
1951 2457 2012 2489 de-

161 2512 295 2544 scendit
319 2512 363 2544 acl
388 2512 541 2553 triplices
564 2523 710 2555 aggeres
735 2513 992 2554 expugnandos,
1017 2513 1074 2555 qui
1092 2513 1136 2544 ad
1161 2519 1299 2554 pontem
1317 2513 1422 2545 erecti
1442 2513 1594 2547 fuerant:
1619 2522 1686 2554 quo
1704 2512 1737 2543 in
1755 2511 1842 2547 loco,
1860 2510 2012 2543 hostibus

161 2566 367 2597 validissime
394 2565 605 2602 instantibus,
638 2566 819 2607 oppidanis
843 2572 956 2597 autem
984 2566 1229 2598 animosissime
1254 2565 1535 2609 repugnantibuS,
1560 2565 1629 2609 cesi
1662 2571 1739 2596 sunt
1769 2563 1906 2606 aliquot'
1931 2564 2010 2596 hinc

161 2619 252 2651 inde.
300 2618 403 2650 Iulius
428 2629 509 2650 vero
533 2618 685 2652 Camers.
714 2618 764 2650 bis
789 2629 869 2651 saxo
895 2619 1102 2656 vulneratus,
1134 2630 1210 2651 cum
1242 2620 1388 2651 maximo
1420 2619 1627 2655 discrimine,
1652 2619 1740 2650 inter
1768 2618 1911 2659 plurima
1943 2617 2011 2649 tela

160 2673 214 2703 vix
239 2671 444 2704 vitabundus
469 2672 586 2704 evasit.
633 2672 690 2704 Ad
713 2678 846 2714 portam
871 2683 952 2704 vero
970 2673 1182 2709 orientalem,
1200 2672 1256 2704 ubi
1274 2672 1441 2704 acerrime
1459 2672 1518 2704 diu
1534 2677 1721 2715 pugnatum
1740 2677 1801 2707 est,
1818 2682 1919 2713 quam
1937 2671 2011 2712 plu-

161 2725 253 2757 ribus
279 2725 463 2757 vulneratis
488 2726 656 2767 utrinque,
671 2732 704 2757 et
730 2726 846 2767 paucis
871 2726 1093 2767 interemptis,
1118 2726 1323 2767 diremptum
1338 2732 1388 2757 est
1412 2725 1567 2767 prelium.
1615 2725 1748 2757 Paucos
1773 2731 1848 2766 post
1871 2724 1946 2756 dies
1961 2724 2007 2756 ad

160 2785 293 2821 portam
317 2778 568 2811 occidentalem
592 2779 706 2810 denuo
731 2779 934 2822 confligitur,
960 2780 994 2810 in
1017 2790 1085 2821 qua
1102 2789 1217 2822 pugna
1234 2780 1369 2820 pedites
1386 2778 1568 2820 peditibus,
1586 2779 1719 2820 equites
1736 2777 1907 2820 equitibus
1922 2778 2011 2809 adeo

161 2832 401 2864 confertissimi
416 2838 514 2864 erant
528 2838 596 2866 tarn
615 2831 767 2864 hostium'
781 2843 882 2875 quam
895 2833 1143 2874 oppidanorum
1162 2833 1285 2864 mutuis
1302 2831 1522 2867 discursibus,
1539 2838 1575 2863 ut
1592 2831 1684 2863 nullo
1702 2837 1803 2873 pacto
1820 2830 2012 2873 oppidanus

160 2885 205 2918 ab
222 2886 317 2918 hoste
334 2885 605 2928 dignosceretur.
630 2885 669 2916 In
686 2896 727 2917 eo
745 2886 863 2927 prelio,
880 2897 922 2918 ex
936 2886 1043 2928 equis,
1060 2897 1145 2928 quos
1162 2886 1402 2927 cataphractos
1419 2891 1553 2921 vocant,
1570 2891 1701 2928 strages
1715 2885 1750 2916 fit
1767 2885 1922 2921 maxima,
1939 2885 2013 2927 qui-

163 2939 225 2971 bus
249 2939 470 2976 truculenter,
496 2939 698 2971 falcatorum
723 2939 866 2972 telorum
890 2940 1087 2976 ministerio,
1111 2946 1169 2971 aut
1197 2939 1304 2980 pedes
1328 2945 1497 2975 truncant,
1521 2944 1580 2970 aut
1604 2939 1660 2970 ilia
1686 2938 1885 2975 suffodiunt,
1909 2949 2010 2981 quam

162 2993 297 3034 plurimi
321 2999 444 3029 autem,
468 2999 536 3025 tam
561 3004 603 3025 ex
627 2992 809 3035 oppidanis
832 3003 934 3036 quam
959 3004 1001 3025 ex
1025 2993 1188 3030 hostibus,
1212 2993 1318 3025 saucii
1344 2993 1469 3025 redditi
1494 2998 1582 3024 sunt.

252 3118 270 3142 l.
290 3117 307 3142 6
325 3118 420 3143 hostes
441 3119 474 3148 A,
493 3126 520 3152 p.
542 3125 583 3150 52.
605 3133 636 3136 —
657 3119 675 3144 1.
699 3118 738 3144 16.
759 3120 835 3144 intra
862 3120 890 3150 T,
911 3127 934 3144 c.
953 3117 1014 3152 698.
1035 3133 1066 3136 —
1088 3119 1106 3143 1.
1128 3125 1158 3151 23
1180 3119 1273 3152 ipsum
1299 3119 1390 3151 recepi
1411 3119 1445 3148 A,
1466 3126 1492 3151 p.
1513 3125 1555 3151 53.
1576 3131 1608 3137 —
1630 3119 1648 3143 l.
1669 3117 1702 3151 38
1728 3119 1795 3143 hinc
1815 3119 1849 3148 Α,
1870 3126 1896 3151 p.
1916 3125 1958 3151 54.
1979 3132 2011 3135 —

171 3163 191 3187 1.
210 3170 242 3196 43
262 3170 345 3196 quam
372 3163 401 3194 T,
420 3162 480 3196 699.

2026 997 2132 1017 Chilinus
2153 1000 2241 1021 captus.

2028 1360 2244 1406 A=11C1=i1inun=ven

2063 1394 2090 1407 ra.

2037 1791 2091 1809 'surr
2097 1790 2115 1808 i>
2152 1793 2246 1809 exustae

2063 1820 2204 1836 restauratio.

2033 2735 2110 2759 Pugna
2128 2736 2201 2754 atrox.
