2388 3439
151 481 260 500 Mandata
269 481 362 500 oratori*

176 508 224 527 bns.

338 2665 369 2683 10

341 2875 369 2899 ¹2

391 199 410 235 8
1123 196 1352 234 ROBERTI
1378 198 1497 234 URSI

387 334 499 365 quam,
524 323 576 354 his
599 322 859 354 condicionibus
890 322 1053 363 acceptiS‚
1090 322 1184 353 cives
1214 332 1335 363 pacem
1361 322 1536 354 habituros
1560 333 1579 353 a
1605 323 1766 363 pontifice
1795 323 1940 354 maximo
1969 323 2158 354 edixerunt.
2206 321 2242 354 Si

385 376 563 412 Iulianum,
581 376 713 407 scilicet
730 375 890 418 legatum,
907 375 1077 416 pontificis
1095 385 1136 405 ex
1161 385 1275 406 sorore
1293 382 1464 416 nepotem,
1481 386 1631 406 summae
1656 376 1830 417 religionis
1854 376 2123 407 mansuetudinis
2139 382 2242 418 atque

389 429 592 471 integritatis
618 428 736 464 virum,
761 438 828 458 una
855 438 931 458 cum
963 433 1093 458 armato
1119 427 1271 458 exercitu
1303 428 1493 464 admittant,
1524 428 1633 468 parati
1660 428 1752 458 ferre
1781 438 2014 469 quascumque
2039 429 2096 459 ille
2128 428 2243 460 ‘tulerit

387 483 492 524 leges.
538 481 648 512 Multa
674 480 819 512 subinde
852 491 928 511 cum
954 479 1100 511 Nicolao
1126 480 1255 511 Vitello
1281 480 1438 521 clamque
1464 481 1645 522 palamque
1679 481 1873 522 loquuntur,
1898 487 1934 512 ut
1958 481 2030 522 ipse
2056 481 2156 513 etiam
2183 482 2244 512 has

385 534 599 566 conditiones
624 533 762 564 subiret.
809 532 938 564 Coacto
956 533 991 563 in
1008 533 1137 564 curiam
1163 538 1293 569 senatu,
1311 538 1463 564 oratores
1488 533 1638 565 breviter
1662 534 1821 565 mandata
1848 533 2012 569 edocent3
2038 534 2131 565 cives
2152 533 2244 571 dein,

386 588 524 618 remotis
548 586 748 623 oratoribus,
779 592 948 617 maturato
981 592 1170 627 exacteque
1202 586 1356 617 discusso
1389 586 1542 624 consilio,
1567 587 1655 618 inter
1687 597 1722 617 se
1754 586 1908 618 volutant
1939 587 2022 628 quid
2047 586 2109 618 sibi
2138 586 2245 618 velint

386 641 574 682 apostolica
599 640 774 671 mandata:
810 639 891 670 hinc
916 639 1036 670 timent
1064 649 1099 669 se
1125 649 1311 680 eorumque
1336 638 1528 670 libertatem
1554 639 1606 670 his
1635 640 1778 671 credere
1804 639 1959 675 ducibus,
1991 639 2048 681 qui
2081 650 2244 670 summam

387 694 492 736 gladii
518 698 721 734 potestatem
746 691 924 729 haberent,
948 698 985 723 ut
1000 691 1103 733 paulo
1119 698 1199 723 ante
1217 701 1286 722 non
1303 691 1511 723 dissimiliter
1528 698 1775 733 prospexerant
1792 693 1827 723 in
1844 692 1999 723 Tuderto
2023 691 2245 734 Spoletoque,

386 747 513 777 maiore
538 752 651 777 tamen
677 746 768 776 fama
793 756 894 787 quam
918 745 1039 787 gloria,
1064 744 1158 776 illinc
1176 751 1337 776 verentur
1362 755 1416 781 ne,
1445 745 1601 776 exulibus
1618 746 1791 784 restitutis,
1816 746 1873 787 qui
1906 746 1940 776 in
1965 745 2118 777 exercitu
2135 751 2243 783 erant,

387 800 450 841 ipsi
475 800 509 830 in
534 799 670 830 exilium
694 805 850 841 agantur,
881 809 968 829 neve
995 799 1137 841 legatus,
1163 809 1239 829 cum
1265 798 1375 839 copiis
1398 805 1570 839 receptus,
1594 799 1717 835 omnia,
1735 809 1796 840 pro
1813 799 1965 836 arbitrio,
1983 809 2051 830 non
2067 798 2112 830 ad
2128 799 2246 840 aequi-

385 859 489 885 tatem
507 852 670 889 declaret,
688 863 775 883 neve
792 862 908 883 arcem
924 851 1009 882 alias
1027 851 1181 883 {unditus
1199 861 1353 882 eversam
1369 857 1547 888 restauret,
1565 862 1632 893 quo
1650 852 1743 883 cives
1767 852 1903 883 facilius
1928 851 2090 883 cohibere
2114 851 2245 883 valeat:

385 907 545 949 quoniam
570 913 605 938 ut
628 917 727 937 arces
752 916 833 947 sepe
860 905 961 937 urbes
985 911 1132 942 tuentur,
1157 906 1203 937 ita
1228 905 1429 947 plerumque
1456 916 1571 937 earum
1597 906 1809 937 eversionem
1838 906 2077 948 excidiumque
2099 905 2245 947 pariunt.

387 959 545 992 Tandem
569 971 589 991 a
615 966 735 991 senatu
760 960 805 991 ita
830 959 1021 991 oratoribus
1047 958 1249 1000 responderi
1275 958 1452 990 decretum
1479 965 1529 991 est
1545 958 1564 990 ¹.

779 1071 1053 1102 TIPHERNATUM
1078 1079 1272 1101 RESPONSIO
1296 1079 1420 1101 FACTA
1445 1079 1678 1102 ORATORIBUS
1702 1079 1848 1102 LEGATI.

474 1156 649 1188 Summum
685 1156 882 1197 pontificem
916 1165 958 1186 ac
990 1155 1082 1196 pium
1115 1161 1286 1196 pastorem
1318 1155 1467 1186 omnium
1500 1154 1626 1186 iudicio
1660 1155 1782 1186 iniusta
1815 1155 1849 1185 in
1879 1165 1937 1186 eos
1968 1165 2062 1186 arma
2094 1164 2246 1196 parasse,

386 1211 582 1252 priusquam
608 1210 791 1251 quicquam
824 1215 943 1240 contra
977 1209 1049 1240 eius
1080 1209 1292 1240 maiestatem
1325 1209 1507 1239 admissum
1539 1209 1598 1240 sit:
1624 1215 1658 1239 et
1682 1219 1750 1239 non
1783 1208 1864 1239 esse'
1898 1209 2016 1240 ultioni
2042 1209 2164 1245 locum,
2189 1208 2246 1240 ubi

388 1264 517 1296 crimen
541 1262 694 1294 abesset:
718 1273 783 1293 nec
816 1262 861 1293 ita
887 1261 1130 1293 scaeviendum
1156 1272 1229 1292 esse
1255 1268 1373 1293 contra
1400 1262 1563 1292 innoxios.
1612 1260 1680 1297 Qui
1714 1262 1740 1292 si
1773 1262 1864 1292 noxii
1891 1262 2089 1295 extitissent,
2114 1263 2248 1293 veniam

390 1324 505 1349 tamen
521 1327 660 1358 sperare
677 1321 871 1357 potuerunt,
889 1315 986 1346 simul
1003 1321 1106 1357 atque
1124 1316 1320 1346 meritorum
1339 1315 1489 1346 clemens
1507 1315 1661 1356 pensatio
1682 1314 1876 1346 haberetur.
1903 1315 2118 1347 Subnectunt
2133 1315 2247 1347 adhuc

387 1381 552 1412 aequum:
577 1370 747 1401 neminem
771 1368 899 1400 bellum
916 1368 1045 1399 inferre
1063 1369 1260 1410 priusquam
1286 1368 1462 1404 indixerim
1488 1379 1552 1399 nec
1578 1368 1682 1399 licere
1708 1369 1843 1409 cuique,
1869 1369 1952 1400 citra
1979 1368 2190 1409 probabilem
2216 1374 2250 1400 et

389 1424 617 1456 necessariam
642 1433 790 1459 causam,
804 1422 888 1453 illud
910 1422 1074 1458 indicere,
1093 1428 1186 1453 tanto
1203 1422 1314 1452 minus
1331 1432 1414 1464 ergo
1431 1432 1496 1453 nec
1514 1422 1655 1452 inferre.
1702 1421 2027 1453 Animadvertentes
2045 1422 2147 1464 igitur
2163 1421 2247 1452 nihil

388 1477 528 1509 subesse
554 1482 694 1518 propter
727 1476 819 1517 quod
851 1475 1009 1517 pontifex
1041 1475 1205 1506 maximus
1231 1476 1279 1506 eis
1304 1475 1430 1506 bellum
1463 1481 1531 1506 tam
1563 1475 1773 1516 insperatum
1798 1475 1934 1512 inferat,
1967 1486 2036 1506 non
2060 1476 2109 1506 eis
2139 1474 2249 1507 videri

391 1537 497 1562 tutum
534 1530 702 1565 dictitant,
746 1529 834 1560 intra
862 1528 974 1559 menia
1005 1528 1159 1559 furentes
1191 1528 1309 1569 copias
1340 1528 1508 1568 recipere,
1547 1528 1648 1559 immo
1680 1527 1876 1568 suspicandi
1909 1528 2018 1570 magis
2048 1534 2250 1571 argumenta

389 1584 512 1625 parari,
537 1582 581 1614 ob
605 1588 763 1614 recentes
788 1581 933 1613 Tuderti
967 1580 1169 1623 Spoletique
1209 1581 1421 1612 calamitates
1445 1587 1524 1612 ante
1550 1581 1698 1612 omnium
1723 1581 1841 1612 oculos
1871 1581 1985 1612 adhuc
2017 1580 2250 1618 obversantes,

390 1649 467 1681 que,
493 1637 600 1678 portis
623 1636 762 1677 apertis,
789 1635 860 1666 sine
886 1635 954 1666 ulla
979 1635 1223 1671 controversia,
1249 1635 1398 1677 legatum
1424 1634 1594 1676 pontificis
1620 1645 1696 1666 cum
1723 1635 1876 1666 exercitu
1899 1641 2030 1666 armato
2054 1635 2251 1666 introduxe-

389 1696 476 1722 runt.
523 1689 651 1721 Contra
675 1695 790 1720 tamen
815 1688 1062 1731 benignitatem
1088 1688 1338 1719 sacerdotalem
1375 1688 1661 1729 clementiamque
1686 1688 1920 1729 apostolicam,
1944 1698 2023 1719 mox
2039 1687 2251 1720 truculenter

390 1743 542 1784 direptas
567 1743 765 1784 dirutasque
792 1742 908 1777 tuisse,
932 1748 1035 1783 atque
1062 1742 1107 1772 ita
1139 1741 1245 1773 divini
1280 1741 1486 1783 humanique
1512 1741 1593 1772 iuris
1619 1741 1740 1772 federa
1762 1741 1887 1773 violata
1913 1741 2075 1777 extitisse,
2099 1751 2165 1773 nec
2184 1741 2250 1772 illis

389 1807 529 1833 moram,
553 1796 608 1827 vel
632 1795 815 1832 minimam,
841 1805 915 1826 esse
941 1795 1055 1826 datam
1079 1795 1124 1826 ad
1150 1794 1346 1836 pontificem
1372 1794 1600 1835 supplicandi,
1625 1800 1683 1826 aut
1708 1795 1751 1826 de
1770 1795 1841 1825 iure
1867 1805 1927 1826 suo
1944 1794 2171 1835 proponendi,
2188 1793 2249 1826 sed

389 1851 512 1886 omnia,
529 1860 631 1880 manu
647 1849 794 1885 militari,
812 1848 936 1880 strictis
949 1848 1094 1891 gladiis,
1112 1847 1291 1889 absupmta
1310 1848 1418 1879 fuere.
1465 1847 1546 1879 Non
1564 1848 1665 1879 etiam
1684 1848 1935 1892 preter-mittunt
1952 1848 2123 1885 incendia,
2148 1848 2249 1885 furta,

391 1904 527 1941 caedes,
551 1909 678 1944 stupra,
703 1903 853 1934 incestus
877 1908 979 1943 atque
997 1902 1179 1944 sacrilegia
1204 1902 1431 1933 imminentia:
1456 1912 1544 1943 quae
1563 1902 1675 1933 onmia
1693 1902 1845 1933 callones
1869 1907 1927 1932 aut
1949 1901 2129 1944 gregarius
2141 1901 2249 1939 miles,

390 1964 505 2002 preter
528 1957 742 1998 imperatoris
767 1956 987 1991 voluntatem,
1013 1956 1113 1986 unico
1140 1955 1191 1986 vel
1219 1954 1314 1986 brevi
1348 1955 1497 1986 clamore
1523 1955 1693 1986 interdum
1719 1955 1868 1986 suscitat.
1916 1955 1966 1986 Ea
1990 1955 2105 1996 itaque
2137 1954 2250 1986 omnia

391 2022 506 2043 secum
530 2016 739 2051 reputantes,
766 2010 827 2040 has
852 2010 927 2040 iusti
954 2009 1083 2040 timoris
1108 2019 1229 2040 causas
1254 2009 1289 2039 in
1312 2008 1463 2040 medium
1487 2008 1649 2045 afferunt,
1682 2009 1707 2039 si
1733 2019 1801 2039 non
1826 2014 1958 2049 parent,
1983 2008 2009 2039 si
2035 2018 2103 2039 non
2120 2008 2250 2040 obtem-

392 2070 522 2106 perant,
548 2070 583 2096 ut
608 2074 644 2095 se
669 2074 688 2094 a
713 2063 895 2094 manifesto
913 2062 1110 2094 discrimine
1129 2062 1341 2099 subtrahant,
1359 2073 1435 2094 cum
1453 2062 1586 2094 soleant
1603 2061 1779 2093 beatorum
1797 2072 1938 2093 numero
1955 2062 2150 2104 aggregari,
2166 2072 2251 2103 quos

466 2230 606 2257 Gratulor,
626 2237 657 2252 en
677 2229 767 2252 rident
783 2230 831 2260 pitz
850 2229 945 2260 sydera
965 2229 1069 2259 qnando
1089 2229 1195 2252 disertis

504 2273 657 2303 Virtutique
672 2275 767 2303 patent
782 2273 916 2303 praemia,
934 2274 1038 2302 statque
1056 2272 1126 2295 locus
1144 2274 1190 2295 etc.

391 2358 524 2389 Sequitur
544 2356 682 2388 Ughellns
699 2355 711 2368 “
723 2363 737 2379 e
752 2356 912 2379 Nucerrino
928 2355 962 2379 ad
978 2355 1169 2386 Agathensem
1185 2355 1215 2378 in
1231 2354 1298 2378 Gal-

394 2400 458 2423 “lia
477 2400 675 2431 episcopatum
695 2398 853 2422 translatus
874 2397 931 2421 fuit
945 2404 1022 2420 anno
1046 2396 1110 2428 1481
1133 2399 1185 2420 ete„
1223 2396 1298 2420 Scri—

394 2442 475 2474 “psit
506 2441 646 2465 nonnulla
675 2441 813 2472 opuscula
842 2447 899 2463 non
928 2439 1135 2463 contemnenda
1162 2439 1195 2462 de
1221 2439 1298 2462 bello

396 2485 409 2497 ‘¹
420 2483 598 2508 Ariminensi
613 2483 648 2506 ad
671 2483 834 2515 papiensem
858 2482 1032 2506 cardinalem
1047 2484 1099 2505 ete.
1111 2498 1134 2512 „.
1161 2481 1205 2504 Ad
1220 2481 1298 2505 Iaco-

391 2528 457 2551 burn
488 2526 569 2558 plura
600 2525 806 2556 epigrammata
835 2524 913 2548 misit
935 2524 1023 2547 Ursus
1045 2525 1141 2547 noster
1161 2522 1222 2553 (M).
1260 2523 1297 2546 Su

392 2570 532 2593 Giavomo
548 2568 685 2591 Minntoli
701 2567 812 2590 vedast:
836 2567 969 2597 Amneni,
986 2566 1156 2589 L'nmanma
1173 2565 1298 2589 Gt’acomo

393 2610 534 2637 Mz'nutoli,
555 2607 634 2633 Citta
654 2610 681 2632 di
704 2607 841 2638 Casteno,
871 2615 946 2640 ¹913·

483 2650 491 2668 ¹
522 2652 688 2681 LAURENzi,
727 2652 796 2674 Hist.
829 2650 875 2674 cit.
908 2658 930 2674 r.
962 2658 995 2682 49
1006 2652 1025 2678 Γ,
1056 2648 1165 2679 (Annii.
1196 2648 1297 2672 MAGn·

395 2693 512 2725 Gamo:
535 2694 628 2726 “1474
649 2694 698 2717 alli
722 2692 753 2716 28
779 2693 807 2716 di
829 2693 945 2724 giugno.
984 2692 1081 2716 Venne
1107 2692 1126 2714 il
1150 2692 1296 2715 cardinale

399 2737 456 2761 “de
475 2736 502 2761 S.
522 2736 620 2760 Pietro
648 2737 676 2759 in
704 2735 844 2764 Vinculag
870 2742 916 2758 era
940 2742 992 2758 con
1022 2735 1060 2758 lui
1082 2735 1103 2758 il
1124 2734 1239 2765 signore
1266 2734 1295 2757 di

400 2780 412 2792 ‘¹
425 2779 586 2807 Camerino,
605 2780 632 2802 et
652 2785 722 2802 aneo
744 2778 825 2801 molti
845 2777 955 2801 valenti
975 2777 1098 2805 homini,
1119 2783 1204 2800 erano
1225 2775 1292 2799 delli

399 2821 527 2845 “cavalli
548 2819 597 2852 pili
611 2818 638 2844 di
653 2822 766 2851 quattro
782 2820 863 2843 milia
878 2828 891 2842 e
907 2819 980 2843 santi
997 2827 1011 2842 a
1029 2819 1107 2851 piedi
1122 2816 1171 2851 piii
1191 2818 1218 2841 di
1235 2819 1295 2841 cin-

359 2875 368 2879 ·
402 2864 477 2896 “qne
497 2863 591 2887 milia:
617 2857 730 2894 posarse
756 2862 782 2885 ai
810 2861 892 2886 Colle
921 2862 964 2885 del
993 2861 1097 2885 Ciccha
1118 2860 1242 2884 contado
1261 2860 1293 2884 de

403 2906 553 2930 “castello
572 2905 602 2928 P.
622 2904 648 2928 S.
670 2904 705 2928 M.
726 2905 820 2935 (Porta
840 2904 867 2927 S.
887 2902 1000 2935 Maria).
1038 2902 1144 2927 Mando
1172 2903 1192 2926 il
1218 2902 1294 2926 ditto

403 2947 456 2971 “di
476 2947 497 2971 il
517 2954 637 2971 vescovo
657 2946 685 2969 di
706 2946 814 2969 Nocera
834 2945 935 2970 dentro
956 2953 971 2969 a
991 2944 1119 2970 Castello
1143 2945 1177 2968 ad
1206 2951 1292 2976 expo-

401 2989 507 3012 “nerea
522 2995 623 3012 messer
636 2985 740 3011 Nicolo
757 2986 865 3011 Vitello
879 2989 907 3011 et
925 2987 1044 3011 all’altri
1061 2986 1197 3010 cittadini
1211 2986 1286 3010 della

1350 2226 1451 2252 “Citta
1471 2228 1498 2251 di
1521 2226 1662 2254 Castello,
1690 2235 1769 2252 come
1796 2228 1836 2251 lui
1861 2227 1943 2251 volea
1969 2228 2080 2251 entrare
2100 2227 2201 2251 dentro
2222 2228 2251 2251 in

1353 2270 1507 2294 “Castello
1525 2273 1551 2294 et
1572 2278 1668 2294 menar
1695 2278 1749 2294 con
1769 2277 1834 2293 seco
1861 2273 1968 2301 quanta
1988 2272 2071 2301 gente
2092 2270 2132 2294 lui
2160 2270 2252 2294 volea.

1353 2313 1411 2336 “Li
1432 2314 1462 2337 fu
1483 2315 1607 2345 risposto
1635 2314 1684 2337 che
1705 2321 1791 2337 erano
1812 2315 1943 2337 contenti
1964 2314 2014 2336 che
2040 2313 2081 2337 lui
2108 2314 2219 2337 venisse
2238 2320 2253 2337 e

1355 2355 1368 2368 ‘¹
1380 2362 1506 2379 menasse
1526 2363 1578 2379 con
1600 2355 1639 2379 lui
1658 2362 1708 2378 200
1723 2356 1795 2379 santi
1812 2363 1860 2387 per
1880 2362 1931 2379 sua
1945 2356 2124 2386 compagnia‚
2144 2363 2188 2379 ma
2202 2353 2252 2388 piu

1356 2396 1426 2428 “n0‚
1449 2396 1626 2429 impe-rocci&
1646 2398 1775 2421 haveano
1796 2398 1942 2429 l'escmpio
1969 2398 2067 2421 inanzi
2089 2397 2122 2421 de
2141 2396 2252 2429 Spoleti

1356 2439 1394 2463 “e
1414 2440 1448 2463 de
1467 2438 1547 2470 Todi,
1570 2440 1578 2463 i
1599 2441 1675 2470 quali
1703 2440 1831 2463 haveano
1861 2440 2043 2471 saechegiati.
2080 2439 2114 2463 Se
2140 2439 2252 2464 ritorno

1356 2481 1505 2505 “indrieto
1525 2484 1553 2505 et
1571 2488 1676 2512 expose
1697 2482 1723 2504 la
1750 2483 1872 2513 risposta
1899 2481 1940 2504 de’
1968 2480 2162 2512 Castellani„.
2200 2481 2252 2505 Per

1352 2524 1502 2547 accordare
1522 2524 1548 2547 la
1568 2525 1791 2547 testimonianza
1813 2524 1856 2547 del
1879 2523 2018 2547 Laurenzi
2039 2531 2092 2547 con
2112 2523 2207 2555 quella
2222 2525 2250 2548 di

1351 2566 1448 2589 Pietro
1469 2566 1581 2597 Angelo
1602 2566 1631 2590 di
1652 2565 1807 2593 Giovanni,
1823 2566 1844 2589 il
1865 2566 1947 2597 quale
1962 2566 2024 2590 (lice
2038 2567 2088 2590 che
2109 2565 2250 2590 Giuliauo

1351 2608 1425 2632 della
1445 2607 1556 2632 Rovere
1576 2615 1667 2632 venne
1695 2608 1859 2632 all'assedio
1888 2608 1908 2631 il
1930 2615 1963 2639 24
1983 2608 2011 2631 di
2039 2609 2157 2639 giugno,
2183 2608 2250 2632 dob—

1350 2650 1445 2673 biarno
1466 2650 1656 2681 logicamente
1676 2657 1813 2682 supporre
1834 2649 1884 2673 che
1904 2650 1924 2673 il
1946 2649 2085 2673 Laurenzi
2107 2650 2181 2682 parii
2201 2651 2249 2681 qui

1351 2692 1395 2715 del
1415 2693 1519 2723 giorno
1540 2693 1569 2715 in
1590 2693 1635 2716 cui
1655 2693 1676 2715 il
1697 2692 1806 2723 Legato
1827 2692 1851 2715 si
1873 2690 2004 2724 present&
2024 2693 2102 2715 sotto
2123 2692 2149 2716 le
2172 2700 2250 2716 mura

1351 2733 1425 2757 della
1444 2733 1522 2765 cittii,
1549 2742 1563 2758 e
1584 2735 1603 2757 il
1624 2734 1748 2758 secondo
1775 2735 1873 2757 inve-ce
1900 2733 1994 2757 ailuda
2019 2732 2046 2757 al
2068 2741 2118 2758 suo
2137 2736 2248 2758 entrare

1349 2776 1394 2800 nel
1414 2777 1537 2800 contado
1564 2777 1592 2800 (11
1617 2775 1695 2800 Cittix
1716 2776 1744 2799 di
1766 2775 1904 2800 Castello.
1942 2776 2056 2800 Sembra
2076 2777 2177 2801 infatti
2198 2777 2249 2801 che

1349 2818 1369 2841 il
1384 2818 1466 2842 D'eila
1493 2817 1603 2842 Rovere
1623 2826 1636 2842 e
1656 2818 1729 2842 Pino
1749 2817 1882 2842 Ordelaffi
1904 2818 2103 2849 indugiassero
2132 2819 2251 2850 qualche

1348 2861 1452 2892 giorno
1478 2862 1569 2892 prima
1589 2861 1618 2884 di
1640 2861 1764 2892 stringet·
1784 2860 1925 2884 d'assedio
1946 2861 1972 2884 la
1992 2860 2071 2884 citta.

1434 2902 1458 2926 11
1479 2909 1512 2934 29
1531 2903 1640 2934 giugno
1662 2903 1683 2925 11
1705 2902 1832 2926 Vescovo
1854 2902 1882 2925 di
1906 2902 2014 2926 Nocera
2034 2900 2115 2926 riseri
2135 2902 2163 2926 al
2184 2902 2251 2927 Car-

1347 2944 1442 2968 dinale
1462 2945 1489 2967 la
1510 2945 1634 2976 risposta
1661 2944 1706 2968 dei
1727 2942 1892 2973 Castellani,
1912 2946 1990 2968 certo
2012 2952 2027 2968 a
2048 2945 2087 2968 lui
2110 2951 2169 2969 non
2190 2953 2251 2977 gra-

1347 2985 1416 3010 dita.
1455 2985 1543 3017 Mun,
1563 2988 1604 3017 op.
1625 2985 1681 3014 cit..
1699 2984 1734 3016 11,
1755 2993 1781 3018 p.
1801 2992 1844 3017 40.

489 3102 507 3126 l.
530 3108 561 3133 14
580 3099 804 3125 TIPHERNATUM
825 3101 859 3128 A,
881 3107 908 3132 p.
928 3106 970 3124 22.
991 3113 1023 3117 —
1043 3100 1061 3124 1.
1085 3099 1123 3124 16.
1144 3099 1253 3124 ultioni
1278 3100 1308 3129 T,
1327 3106 1350 3124 c.
1370 3098 1431 3124 680.
1451 3112 1483 3116 —
1504 3099 1523 3123 l.
1544 3097 1577 3123 28
1597 3099 1744 3131 absumpta
1764 3099 1797 3128 A,
1809 3106 1836 3132 p.
1856 3105 1898 3132 23.

2274 798 2311 829 10

2275 1153 2312 1184 15

2273 1422 2315 1452 20

2275 1687 2315 1718 25

2274 1954 2316 1985 30

2281 2274 2314 2292 20

2280 2487 2312 2512 25

2279 2697 2313 2722 30

2280 2907 2311 2934 35
