2388 3439
153 458 187 477 Ab
201 457 325 478 occidente.

153 937 236 956 Manus
250 936 355 955 abscissa.

160 2405 257 2424 Prelium
276 2411 368 2428 anceps.

1117 195 1347 231 ROBERTI
1375 194 1497 230 URSI

1014 363 1143 395 PUGNA
1166 372 1216 395 AD
1242 372 1387 395 FONTEM
1409 371 1559 394 MAXIMA
1574 361 1594 393 ¹.

478 447 616 478 Interim
634 445 789 477 validiori
809 444 1026 476 contentione
1044 443 1088 474 ad
1106 449 1244 484 pontem
1269 442 1459 479 dimicatur,
1484 441 1540 473 ubi
1566 442 1698 484 legatus
1716 442 1878 483 optimum
1903 442 1998 473 sactu
2025 447 2235 483 conceperat

388 501 458 531 illic
483 500 562 531 belli
589 500 757 531 fortunam
783 504 925 529 tentare.
971 496 1141 538 Sperabat
1166 496 1266 532 enim,
1292 495 1458 536 superatis
1482 494 1666 537 aggeribus
1690 501 1792 537 atque
1817 495 1910 531 turri,
1937 505 1954 526 e
1974 495 2117 537 vestigio
2148 494 2232 526 urbe

390 554 501 595 potiri,
525 553 639 594 itaque
669 563 709 582 ex
739 551 893 582 omnibus
919 550 1037 582 castris
1062 549 1196 590 pedites
1214 548 1413 590 equitesque
1447 548 1530 579 levis
1561 548 1743 590 gravisque
1768 553 1937 591 armature
1963 548 2234 590 pugnacissimos

388 607 575 648 delegerat.
622 604 764 645 Triplex
790 610 862 635 erat
886 613 1049 646 aggerum
1074 603 1168 638 ordo,
1201 608 1236 633 ut
1267 607 1368 632 antea
1393 601 1611 635 ostendimus,
1642 601 1677 631 in
1710 602 1770 632 hos
1802 611 1919 632 omnes
1943 601 2099 645 universe
2125 601 2234 645 copie,

389 661 491 691 citato
507 658 627 701 gradu,
644 657 838 700 ingentibus
862 657 1002 688 sublatis
1019 655 1233 691 clamoribus,
1259 655 1409 696 undique
1427 655 1652 686 descendunt.
1696 654 1740 686 Et
1763 655 1922 696 quoniam
1947 655 1982 685 in
2007 661 2171 695 cospectu
2187 654 2235 685 le-

387 714 456 756 gati
482 712 700 755 pugnandum
726 717 808 748 erat,
825 721 889 742 nec
906 710 1154 753 tergiversandi
1172 708 1409 750 praestabatur
1427 708 1582 745 facultas,
1600 709 1689 739 omni
1708 709 1830 745 studio,
1847 709 1925 739 totis
1942 707 2080 745 viribus,
2104 708 2236 740 enitun-

387 773 450 803 tur,
468 773 501 798 et
517 767 632 808 iniquo
651 766 751 797 etiam
768 765 844 796 loco
861 775 1014 807 pugnare
1040 774 1107 795 non
1131 764 1334 799 detrectant,
1352 763 1502 794 diffinitis
1519 763 1691 803 potissime
1717 763 1854 803 premiis
1879 761 2073 804 ingentibus
2098 762 2150 793 his
2177 761 2235 803 qui

387 820 517 861 priores
541 819 576 849 in
599 829 761 861 aggerem
787 818 1077 849 conscendissent.
1120 816 1258 847 Obsessi
1273 822 1396 849 autem,
1422 816 1581 856 quoniam
1608 815 1662 846 hic
1680 815 1769 846 salus
1787 815 1919 855 privata
1936 814 2144 856 publicaque
2161 825 2237 845 ver-

387 872 534 908 sabatur,
559 871 785 902 ascendentes
809 870 996 911 repellunt:
1021 869 1142 900 eodem
1167 875 1319 909 tempore
1346 868 1481 899 cuidam
1499 879 1541 898 ex
1555 867 1716 903 hostibus,
1734 868 1769 898 in
1784 867 1944 898 tabulatis
1968 866 2144 898 altioribus
2167 878 2237 898 ma-

390 936 468 956 num
493 924 689 965 apponenti,
713 930 749 955 ut
772 923 859 954 intra
884 933 1046 965 aggerem
1072 927 1318 962 prorumperet,
1343 921 1452 952 securi
1478 931 1596 951 manus
1620 920 1771 951 abscissa
1797 926 1856 953 est,
1889 920 1946 950 ille
1978 920 2013 950 in
2037 925 2235 962 preruptum

390 979 433 1010 ad
458 979 524 1008 ima
549 978 667 1013 fertur,
692 977 862 1018 pauloque
889 982 964 1017 post
978 976 1120 1016 expirat.
1145 975 1346 1015 Oppidanos
1371 974 1577 1014 serpentina,
1596 984 1671 1004 cum
1690 974 1829 1015 reliquis
1846 972 2029 1004 maioribus
2051 973 2238 1010 tormentis,

388 1031 523 1063 assidue
547 1029 677 1062 ictibus'
696 1030 845 1061 exitiosis
869 1030 1037 1060 deterret:
1062 1028 1109 1059 illi
1136 1028 1321 1070 pugnando
1346 1038 1492 1069 aggeres
1509 1027 1664 1058 simulac
1682 1026 1939 1068 propugnacula
1965 1026 2171 1063 discindunt,
2197 1037 2238 1057 ex

390 1086 441 1116 his
466 1090 736 1127 propugnatores
761 1084 863 1125 aliqui
890 1082 1124 1115 deturbantur,
1150 1081 1272 1123 quibus
1297 1080 1510 1117 cadentibus,
1535 1081 1649 1112 hostes
1675 1081 1780 1111 letitia
1810 1080 1996 1111 frementes
2013 1080 2239 1117 conclamant,

390 1139 560 1180 vastisque
586 1137 786 1169 stridoribus
803 1136 958 1168 tubarum
977 1136 1118 1177 clangor
1135 1135 1282 1166 accedit.
1316 1135 1450 1170 Hostes,
1467 1134 1639 1175 prosperis
1657 1133 1798 1164 vocibus
1816 1143 1966 1174 sonoque
1993 1133 2105 1169 exciti,
2122 1133 2157 1164 in
2181 1143 2240 1175 ag-

389 1203 506 1234 gerem
538 1191 638 1222 scalis
670 1191 861 1231 pluteisque
887 1190 1032 1220 alacrius
1057 1189 1229 1221 advolant.
1254 1198 1321 1229 quo
1354 1187 1450 1218 simul
1476 1193 1578 1228 atque
1603 1187 1708 1218 multo
1733 1187 1856 1217 sudore
1888 1186 2088 1228 magnisque
2121 1186 2240 1218 discri-

389 1244 534 1275 minibus
559 1243 722 1274 velociter
747 1243 930 1274 deventum
948 1248 1008 1275 est.
1033 1242 1125 1272 illum
1151 1252 1257 1282 usque
1274 1251 1409 1282 quaque
1434 1240 1662 1282 perfringunt,
1688 1240 1887 1281 eductisque
1905 1238 2028 1281 gladiis
2052 1239 2149 1270 simul
2164 1249 2240 1270 cum

389 1297 569 1338 oppidanis
595 1296 791 1329 comminus,
817 1295 967 1336 punctim
1001 1295 1184 1338 cesimque,
1218 1294 1356 1324 horrida
1383 1299 1507 1335 gerunt
1539 1292 1658 1333 prelia.
1706 1292 1801 1322 Nihil
1834 1298 1947 1323 tamen
1980 1291 2237 1332 promovebant,

389 1350 468 1391 quia
493 1349 702 1391 oppugnatio
733 1359 794 1389 par
827 1355 860 1379 et
884 1348 1087 1389 repugnatio
1112 1358 1173 1387 par
1198 1347 1256 1377 diu
1282 1346 1400 1377 extitit.
1447 1345 1583 1376 Interea
1616 1346 1737 1387 ingens
1761 1355 1917 1376 saxorum
1951 1345 2050 1385 copia
2083 1355 2125 1376 ex
2158 1344 2238 1376 turri

390 1403 556 1434 violenter
580 1402 800 1443 provolvitur,
824 1412 891 1442 que
916 1412 935 1431 a
960 1400 1157 1431 mulieribus
1183 1410 1310 1431 summa
1336 1410 1411 1430 cum
1437 1399 1618 1430 sedulitate
1644 1404 1882 1440 suggeruntur.

975 1512 1175 1543 VIOLANTA
1200 1520 1341 1542 VIRAGO
1366 1520 1484 1541 MAGNI
1508 1520 1615 1541 ANIMI
1630 1510 1651 1541 ιε.

480 1598 635 1636 Quarum
660 1609 736 1634 una,
760 1597 921 1628 Violanta
939 1597 1085 1632 nomine,
1104 1596 1220 1637 virago
1239 1595 1389 1637 egregia,
1407 1595 1586 1635 scorpione
1605 1595 1638 1625 in
1656 1594 1798 1625 brachio
1816 1605 1988 1635 percussa,
2003 1593 2138 1626 sibimet
2161 1604 2242 1625 con-

393 1659 520 1684 stanter
544 1652 647 1683 telum
673 1651 799 1687 eduxit,
817 1657 851 1682 et
875 1650 1170 1692 sanguinolentum
1197 1649 1371 1679 brachium
1391 1649 1471 1679 vitta
1490 1648 1671 1690 obligavit:
1697 1659 1760 1679 nec
1779 1647 1823 1679 ob
1839 1648 1873 1679 id
1891 1654 2061 1679 momento
2075 1653 2243 1678 remorata

395 1712 454 1739 est,
480 1716 546 1746 quo
572 1705 680 1735 minus
705 1716 770 1735 una
796 1714 871 1735 cum
900 1703 975 1734 aliis
1007 1709 1142 1743 ceptum
1168 1713 1252 1743 opus
1281 1708 1560 1743 prosequeretur:
1592 1708 1769 1742 praestans
1802 1701 1866 1732 hoc
1900 1701 2060 1732 foeminei
2093 1700 2242 1742 pectoris

395 1760 537 1793 facinus,
556 1765 591 1790 ut
607 1758 806 1800 sauguinem
824 1764 856 1788 et
882 1757 1001 1787 vulnus
1027 1763 1193 1797 spectare.
1219 1756 1321 1787 telum
1347 1756 1532 1788 deducere.
1550 1755 1670 1785 vulnus
1688 1755 1841 1797 alligare,
1867 1761 1899 1786 et
1923 1754 2148 1796 patrocinium
2174 1764 2242 1785 non

392 1812 662 1854 praetermittere
687 1810 859 1851 impavida
883 1810 1064 1841 sustinerit.

1128 1881 1319 1911 MIRABILF,
1343 1890 1506 1911 FichNUS.

480 1969 526 2000 At
550 1979 592 1999 ne
617 1967 701 1998 illud
725 1966 863 2008 quidem
889 1966 1058 1997 omiserim
1083 1966 1196 1997 adhuc
1221 1965 1484 2001 memorabilius,
1508 1965 1552 1996 ab
1578 1965 1629 1996 his
1646 1965 1701 2006 qui
1732 1975 1860 1996 summa
1885 1965 1919 1995 in
1943 1964 2025 1996 turri
2042 1963 2241 2007 pugnabant

394 2022 531 2058 editum,
562 2021 597 2051 in
628 2031 728 2061 quam
754 2019 905 2050 maiores'
938 2019 1094 2062 machine
1126 2024 1361 2059 tormentaque
1394 2019 1521 2049 maiora
1553 2018 1714 2049 continuo
1746 2017 2003 2060 dirigebantur;
2034 2023 2241 2060 pugnatores

395 2075 527 2111 tamen,'
552 2075 596 2105 ad
613 2074 702 2104 illius
719 2073 857 2104 tutelam
883 2072 1025 2107 decreti,
1043 2084 1061 2102 a
1080 2072 1261 2103 constituta
1287 2072 1430 2102 statione
1456 2082 1627 2112 nunquam
1652 2071 1924 2108 declinaverunt,
1941 2071 2004 2102 nisi
2022 2081 2062 2102 eo
2079 2070 2241 2112 temporis

394 2127 573 2159 intervallo
590 2136 657 2168 quo
675 2127 786 2157 fumus
811 2125 855 2156 ab
872 2126 941 2156 ictu
965 2125 1055 2166 pilae
1080 2125 1199 2160 distat:
1225 2125 1313 2155 illius
1337 2130 1449 2155 autem
1475 2135 1576 2155 cursu
1593 2130 1744 2165 peracto,
1761 2130 1829 2155 tam
1858 2124 1990 2155 celeres
2010 2123 2241 2165 intrepidique

394 2182 438 2213 ad
463 2191 627 2212 cacumen
651 2179 827 2211 tutandum
853 2178 1008 2213 redeunt,
1026 2184 1061 2209 ut
1078 2188 1248 2219 nunquam
1266 2178 1462 2209 discessisse
1481 2178 1670 2209 videantur.
1707 2178 1859 2208 Fuerunt
1883 2186 2019 2219 quoque
2044 2187 2087 2208 ex
2102 2176 2165 2214 his,
2182 2177 2239 2219 qui

394 2234 550 2266 tormenti
576 2233 744 2275 fulgorem
769 2238 870 2273 atque
895 2232 997 2262 ictum
1023 2238 1179 2272 spectare
1204 2232 1274 2261 ausi
1302 2231 1438 2265 fuerint,
1463 2242 1527 2262 nec
1552 2241 1699 2272 unquam
1716 2242 1735 2261 a
1753 2230 1890 2262 sedibus
1907 2231 1974 2261 suis
2006 2241 2041 2261 se
2058 2229 2242 2262 abdicave-

395 2288 470 2318 rint.
517 2287 556 2318 Id
582 2297 658 2318 cum
682 2296 770 2326 pene
796 2284 998 2316 incredibile
1023 2285 1207 2320 videretur,
1233 2295 1417 2325 eorumque
1442 2285 1495 2315 vel
1522 2285 1746 2315 temeritatem
1773 2284 1826 2314 vel
1852 2284 2163 2326 magnanimitatem
2179 2282 2240 2326 'gle-

393 2347 492 2383 gatus
515 2340 758 2375 admiraretur;
783 2348 982 2379 responsum
1008 2338 1122 2370 fuisse,
1155 2344 1352 2370 memorant.
1387 2338 1450 2368 hoc
1483 2337 1618 2368 minime
1652 2338 1782 2373 mirum,
1814 2337 2093 2378 quandoquidem
2124 2337 2146 2367 ii
2178 2347 2240 2378 pro

394 2394 520 2429 liberis,
545 2403 606 2434 pro
630 2391 838 2433 parentibus,
870 2402 931 2431 pro
956 2391 1065 2431 patria
1089 2397 1190 2432 atque
1217 2390 1373 2421 libertate
1399 2396 1579 2422 certarent.
1627 2390 1696 2421 Iam
1721 2401 1801 2421 acre
1826 2391 1980 2431 prelium,
2006 2391 2158 2422 variante
2181 2390 2241 2421 diu

394 2448 540 2483 fortuna,
565 2445 759 2488 ingentibus
784 2445 904 2475 animis
928 2443 1122 2477 fluctuabat,
1155 2443 1296 2485 quilibet
1329 2454 1405 2474 suas
1438 2450 1552 2484 partes
1579 2444 1783 2474 validissime
1808 2450 1937 2474 tuetur:
1974 2444 2022 2474 illi
2047 2444 2180 2480 virtute,
2205 2443 2239 2474 hi

393 2500 576 2543 aggeribus
608 2506 642 2530 et
666 2509 760 2529 muro
785 2498 970 2529 confidunt.
1017 2497 1153 2528 Illorum
1179 2504 1292 2528 tamen
1318 2497 1443 2528 caedes
1468 2498 1503 2528 fit
1528 2498 1682 2533 maxima,
1708 2497 1768 2528 sed
1794 2497 1938 2538 [neuter]
1962 2497 2077 2529 adhuc
2105 2498 2224 2529 victor.

482 2638 523 2670 38.
544 2638 576 2663 A.
597 2646 644 2662 am.

483 2726 489 2742 ¹
512 2727 674 2753 Laummzi,
691 2727 759 2749 Hn'st.
774 2726 821 2749 cit.
843 2734 865 2749 c.
886 2731 929 2756 51,
949 2726 1052 2757 (Aac-11.
1074 2725 1153 2748 MAG.
1173 2723 1290 2752 Gau.):

395 2769 484 2801 [1474,
514 2776 544 2792 22
575 2769 720 2800 d'agosto]
754 2768 866 2791 “Diei-o
897 2768 923 2791 la
954 2767 1092 2798 battaglia
1120 2768 1236 2789 intorno
1264 2766 1291 2789 la

1349 2728 1359 2736 ¹⁴
1373 2724 1400 2748 la
1420 2722 1470 2755 pii:
1490 2725 1583 2748 crudel
1605 2723 1902 2756 guer1·a.imperocch'e
1922 2725 1951 2748 in
1971 2725 2095 2749 contado
2115 2724 2145 2749 di
2165 2725 2239 2749 fuori

1349 2768 1359 2778 ‘⁴
1374 2774 1429 2789 non
1452 2766 1477 2789 ci
1499 2768 1599 2789 rimase
1621 2765 1653 2789 ne
1673 2774 1762 2797 grano
1784 2765 1818 2789 ne
1839 2766 1901 2791 fave
1917 2765 1950 2790 n'e
1965 2766 2046 2790 binde
2062 2764 2096 2790 ηὲ
2108 2766 2239 2790 bestiam}

395 2811 493 2834 “terra
513 2813 543 2834 in
564 2811 637 2834 circa
659 2818 673 2834 a
694 2811 796 2840 cinque
816 2810 884 2832 hore
906 2811 932 2832 et
954 2810 1037 2831 furno
1058 2809 1129 2832 assai
1153 2807 1238 2830 morli
1262 2810 1286 2830 el

396 2854 407 2864 ⁴¹
422 2853 500 2876 ferlti
520 2853 547 2876 di
570 2852 655 2882 quelli
678 2852 721 2875 del
737 2858 844 2882 campo⁷
866 2853 892 2874 et
916 2858 987 2874 anco
1008 2850 1081 2873 della
1097 2847 1174 2873 cittii.
1208 2849 1289 2872 Dice-

397 2894 482 2918 “vasi
510 2895 558 2918 che
579 2894 624 2917 nel
644 2901 744 2924 campo
772 2894 886 2916 n’erano
914 2894 997 2915 morti
1018 2889 1067 2924 piu
1095 2891 1123 2915 di
1145 2892 1289 2914 centoein·

397 2938 408 2949 ‘⁴
421 2938 524 2967 quanta
543 2943 557 2958 e
577 2936 678 2959 dentro
700 2935 774 2958 uella
794 2934 863 2958 cittii
880 2935 953 2958 cirea
975 2934 1179 2963 trwntacinque,
1199 2937 1227 2956 et
1247 2933 1289 2956 di-

397 2978 511 3002 “cevasi
534 2985 581 3010 per
601 2978 639 3008 gli
667 2978 776 3001 antichi
803 2977 876 3000 della
907 2974 977 3000 vitta
997 2977 1046 3000 che
1067 2984 1123 2999 non
1145 2977 1212 2999 ebbe
1234 2977 1286 2999 mai

484 3094 502 3118 1.
526 3100 534 3117 1
558 3094 663 3117 Pomm
689 3093 716 3121 T,
737 3100 760 3117 c.
780 3092 839 3124 708.
861 3106 890 3110 -
913 3093 930 3115 l.
953 3100 982 3124 13
1004 3093 1136 3116 exitiosis
1156 3092 1189 3121 A,
1210 3099 1236 3124 p.
1257 3097 1299 3123 70.

1349 2808 1359 2819 fl
1373 2808 1416 2830 de'
1434 2808 1568 2831 ciltadini
1585 2808 1605 2830 li
1620 2807 1696 2839 quali
1713 2816 1797 2831 erano
1818 2808 1930 2836 dentre,
1950 2809 1976 2831 et
1997 2809 2063 2839 ogni
2087 2815 2150 2831 cosa
2171 2808 2197 2831 le
2211 2808 2240 2831 su

1349 2851 1359 2862 ⁴⁴
1374 2850 1449 2873 tolto
1464 2867 1486 2879 „-

1433 2890 1444 2906 ‘-’
1465 2892 1492 2914 Si
1515 2892 1549 2915 ha
1570 2899 1617 2922 per
1637 2892 1799 2915 tradizione
1820 2893 1868 2915 che
1895 2892 1991 2922 questa
2012 2891 2148 2916 violante
2167 2892 2242 2915 fosse

1346 2941 1400 2957 una
1421 2934 1497 2957 della
1516 2933 1648 2964 famiglia
1668 2934 1821 2964 Tarintini,
1842 2936 1957 2965 parente
1978 2934 2054 2958 forse
2067 2934 2095 2958 di
2116 2934 2179 2965 quel
2193 2932 2240 2957 Sa-

1345 2975 1466 2998 limbene
1487 2975 1593 2999 devoto
1613 2975 1639 2998 al
1662 2975 1772 2999 Vitelli.

1323 3103 1349 3110 Ξ
1373 3092 1391 3115 l.
1412 3098 1444 3123 29
1464 3091 1611 3116 machinae
1637 3092 1665 3121 T,
1686 3099 1707 3115 c.
1727 3098 1789 3123 7⁰9·
1810 3105 1841 3109 —
1863 3091 1882 3116 l.
1901 3097 1935 3122 30
1954 3092 1988 3116 ad
2007 3091 2088 3116 illius
2107 3093 2140 3121 A,
2155 3100 2181 3124 p.
2195 3099 2237 3125 71.

2265 866 2303 897 10

2267 1131 2304 1162 15

2266 1398 2308 1428 20

2266 1752 2306 1783 25

2265 2069 2307 2100 30

2265 2335 2305 2367 35

2271 2815 2303 2832 10
