2388 3439
5 327 15 459 ’σ-,αΙ

147 944 159 968 ’.ιι

134 1189 165 1206 10

134 1433 163 1458 ις

134 1683 168 1701 20

134 1927 166 1953 ²5

135 2345 170 2370 30

136 2590 168 2616 35

137 2836 170 2860 40

296 741 467 766 CsxMi‘ANus
488 741 657 765 Carnutum
678 740 811 764 Sannum
830 745 978 763 sanorum.

280 792 351 815 Veni
382 790 531 814 Tifernum
561 791 695 822 exceptus
724 791 807 813 tanto
834 790 971 820 apparatu
998 795 1088 811 rerum

191 843 297 871 quantu
319 848 351 863 ne
373 841 482 871 legatus
503 838 614 870 quidem
636 839 791 870 potuissem
807 839 928 861 maiore:
944 837 1021 860 urbis
1034 843 1090 860 am-

192 889 252 913 bitu
273 891 315 913 est
335 897 390 919 quo
412 888 564 919 Fulginia:
587 894 681 911 verum
703 888 838 918 quantum
862 887 921 918 ipse
944 886 1024 918 potui
1046 892 1090 907 co-

193 939 298 962 niicerc
317 938 468 968 aliquanto
496 936 675 968 populosior.
713 936 776 959 &ito
804 936 895 959 autem
923 936 950 959 et
975 936 1090 966 aspectu

848 983 981 1015 Tyberim
1008 983 1091 1007 habet

191 1036 227 1059 al)
259 1042 360 1059 occasu
393 1034 645 1067 praeterlabentem
679 1033 893 1064 abluentemquc

192 986 315 1010 fluminis
345 994 375 1009 ac
407 986 544 1009 montium
573 992 657 1015 aeque
683 991 810 1008 amoena.

932 1040 1041 1060 muros:
1077 1040 1092 1056 a

1028 1082 1092 1106 Pla-

193 1135 282 1158 uicies
302 1133 454 1158 secundum
475 1133 607 1164 Tyberim
629 1132 790 1164 prnclarga;
811 1133 838 1155 et
858 1131 972 1155 exculta
1001 1138 1092 1155 rernm

191 1085 386 1117 septentrione
406 1084 524 1117 suspicit
542 1084 745 1116 Appenninum
761 1082 874 1106 diverso
889 1084 990 1106 tractu.

192 1184 319 1207 omniurn
331 1190 401 1215 quae
413 1184 446 1207 ad
460 1190 539 1206 usum
554 1183 736 1215 expetuntur,
757 1182 953 1213 praeterquam
967 1181 1092 1205 olearum

193 1233 377 1257 feracissima.
393 1233 437 1256 Me
450 1239 524 1262 vero,
540 1234 567 1255 et
582 1233 604 1255 si
617 1232 714 1264 dispar
726 1231 938 1263 proponebatur
952 1231 1093 1260 conditio,

192 1285 286 1308 tamen
302 1283 472 1306 Umbrorum
488 1282 591 1313 quibus
605 1281 726 1314 praesui,
749 1281 836 1304 multa
852 1281 898 1304 hic
919 1282 1091 1305 recrearunt:

193 1330 330 1354 vexillum
353 1330 495 1362 imprimis
516 1330 544 1353 in
566 1337 622 1360 quo
642 1336 719 1352 arma
740 1328 799 1352 divi
822 1327 865 1352 Pii
881 1334 1014 1360 expressa
1028 1335 1092 1351 con—

193 1380 360 1404 tinebantur
376 1379 506 1402 manibus
521 1379 590 1402 meis
605 1385 619 1401 a
634 1378 808 1409 primoribus
823 1377 958 1401 traditur.
990 1376 1092 1400 Eadem

193 1435 305 1460 quoque
327 1435 405 1451 arma
427 1429 456 1451 in
477 1428 578 1458 portis,
605 1427 634 1450 in
650 1426 767 1457 templo,
787 1426 816 1449 in
831 1426 906 1453 aula,
927 1425 1001 1449 locis
1015 1425 1093 1449 deni-

194 1483 246 1508 que
266 1477 399 1501 omnibus
414 1476 537 1508 publicis
551 1476 780 1507 conspiciuntur.

283 1526 347 1555 Qua
374 1535 402 1551 re
429 1534 509 1551 omen
538 1528 631 1559 prim«)
661 1526 791 1557 ingressu
820 1526 948 1549 civitatis
975 1526 1092 1557 concepi

196 1576 428 1601 foelicissimum:
459 1575 641 1607 pacatissima
662 1574 776 1598 videtur
796 1574 914 1601 civitas;
935 1573 1094 1598 factionum

196 1626 305 1649 mentio
332 1625 451 1649 omnino
479 1624 573 1651 nulla:
594 1623 776 1655 tyrannidem
805 1630 893 1654 neque
919 1623 1021 1646 andivi
1049 1631 1094 1647 ne-

196 1682 248 1706 quc
280 1674 335 1706 legi
369 1674 611 1705 tranquilliorem.
644 1671 743 1696 Civem
778 1679 864 1696 unum
901 1673 997 1696 nescio
1031 1673 1095 1704 plus

195 1725 315 1749 timeant
343 1731 377 1747 an
409 1723 517 1751 colant,
550 1722 707 1746 formident
735 1728 770 1745 an
801 1723 980 1745 venerentur.
1017 1722 1095 1745 Sum-

197 1781 269 1797 mam
285 1780 374 1797 rerum
399 1779 469 1803 quac
489 1772 523 1795 ad
547 1773 652 1795 statum
677 1771 822 1803 pertinent
846 1771 916 1794 mira
943 1770 1096 1794 concordia

196 1822 230 1846 ad
258 1822 332 1846 hunc
362 1821 509 1845 deserunt:
539 1821 659 1844 caeteris
686 1820 715 1843 in
743 1819 823 1843 rebus
851 1819 959 1851 legibus
987 1821 1096 1851 parent.

195 1872 325 1903 Denique
343 1871 410 1894 huic
432 1878 488 1894 non
509 1870 594 1893 aliter
613 1871 766 1900 assurgunt
785 1876 869 1900 quam
888 1869 1016 1898 domino,
1037 1875 1095 1892 non

195 1921 279 1945 aliter
298 1920 451 1945 attendunt
472 1927 555 1951 quam
575 1921 730 1951 parentem.
768 1918 872 1942 Mirum
886 1919 928 1942 est
940 1919 1044 1949 quanta
1058 1919 1096 1942 sit

195 1970 322 1994 hominis
340 1971 443 2002 gratia,
470 1970 577 2001 patrem
604 1969 714 2001 patriae
740 1969 844 1999 passim
874 1967 1030 1999 appellant.
1066 1967 1095 1991 Si

195 2019 264 2051 quid
278 2019 345 2043 boni
363 2019 468 2043 facturn
483 2020 524 2042 est
540 2019 567 2041 in
583 2019 712 2046 civitate,
731 2017 805 2041 hunc
821 2015 985 2048 praedicant
1001 2018 1097 2040 aucto-

1096 612 1146 644 1¹.

1145 745 1215 766 rem;
1238 738 1261 762 si
1281 737 1349 769 quid
1371 740 1553 762 commissum
1574 739 1732 770 aliquando
1752 739 1787 763 ad
1809 740 2006 763 necessitatem
2019 741 2046 763 et

1145 786 1328 818 popularium
1355 786 1449 810 stadia
1479 787 1634 811 ascribunt.
1673 788 1725 811 Vlr
1753 790 1795 812 est
1825 788 1933 812 noticia
1956 796 2045 812 rerum

1145 838 1325 860 externarum
1342 836 1520 860 incredibili:
1541 837 1693 861 historiam
1708 836 1752 861 Pii
1768 839 1844 861 tenet
1857 837 1892 861 ad
1907 845 2027 869 unguem
2040 847 2047 868 ς

1146 885 1209 908 loca
1230 885 1357 914 situsque
1372 884 1500 908 locorum
1515 886 1695 909 exactissima
1711 885 1872 916 diligentia,
1889 887 1911 909 si
1925 888 2048 917 rogetur,

1146 936 1270 958 enarrat.
1307 933 1374 957 Fuit
1395 934 1445 957 snb
1466 933 1593 965 Eugenio
1620 933 1736 963 Rornae,
1769 936 1882 966 copiam
1909 935 2047 959 librorum

1806 981 1952 1014 Quicquid
1966 983 2047 1007 audit

1147 1031 1280 1059 attendit,
1309 1032 1336 1054 et
1375 1030 1399 1054 si
1429 1031 1496 1061 quid
1527 1031 1675 1063 praeteriit
1715 1033 1837 1064 reposcit
1866 1040 1900 1055 cx
1926 1033 2048 1064 integro.

1148 984 1293 1013 ingentem
1313 982 1406 1010 habet,
1435 982 1500 1006 inde
1516 988 1605 1005 rerum
1622 982 1769 1006 noticiam.

1148 1080 1275 1112 Aspectu
1295 1080 1337 1102 est
1357 1078 1533 1111 periucunda
1561 1079 1675 1103 laeticia
1704 1079 1823 1111 quadam
1852 1081 1994 1111 ingenita:
2015 1081 2048 1104 ri-

1147 1128 1194 1152 det
1215 1135 1332 1161 semper,
1360 1128 1492 1152 irascitur
1513 1135 1672 1159 nunquam‚·
1703 1128 1840 1153 modestia
1867 1131 1973 1161 quanta
2003 1136 2049 1153 ne-

1148 1178 1218 1201 mini
1234 1177 1334 1205 maior,
1349 1185 1399 1210 par
1412 1184 1494 1208 quam
1506 1178 1696 1210 paucissimis.
1728 1178 1781 1202 Sed
1796 1179 1829 1202 de
1842 1178 1957 1202 homine
1968 1178 2049 1211 plura

1147 1227 1242 1251 dicere
1260 1227 1420 1259 suspectum
1440 1228 1496 1254 est;
1517 1226 1711 1259 explorationi
1731 1234 1884 1259 cognosces
1905 1228 1933 1250 in
1954 1227 2023 1252 dies.

1238 1275 1389 1300 'Adventu
1420 1283 1482 1299 mco
1511 1276 1608 1300 laetati
1632 1278 1696 1300 sunt
1718 1283 1832 1300 omnes:
1862 1276 1946 1300 credo
1974 1276 2049 1307 quod

1150 1325 1314 1357 praelatum
1336 1325 1437 1349 habere
1457 1325 1626 1356 praesidem,
1645 1325 1693 1356 qui
1714 1327 1795 1349 antea
1816 1325 1936 1349 idiotam
1950 1326 2050 1349 habue-

1150 1376 1228 1404 runt,
1249 1374 1321 1398 miro
1342 1374 1426 1398 modo
1440 1374 1611 1405 glorientur.
1649 1372 1712 1402 Qua
1727 1381 1756 1398 re
1770 1374 1957 1398 mutationem
1972 1382 2049 1407 prae-

1152 1424 1266 1448 sidatus
1305 1424 1369 1452 mei,
1400 1423 1515 1448 tametsi
1548 1423 1683 1455 intelligo
1714 1423 1786 1448 odio
1817 1426 1900 1455 atque
1938 1424 2051 1448 invidia

1150 1473 1263 1501 saetam,
1282 1473 1370 1497 feram
1382 1474 1480 1496 animo
1495 1481 1550 1504 quo
1562 1474 1671 1497 caetera
1684 1475 1826 1497 censuevi.
1859 1473 1940 1497 Coeli
1957 1474 2050 1498 subita

1150 1522 1287 1551 mutatio;
1306 1524 1417 1554 tempus
1441 1521 1606 1548 adversum:
1635 1521 1750 1555 pluviae
1776 1529 1825 1554 per
1852 1522 1964 1553 aliquot
1990 1522 2052 1546 dies

1151 1572 1306 1596 continuae
1333 1578 1421 1604 prope
1449 1579 1491 1595 me
1519 1571 1722 1604 prodiderunt:
1748 1573 1774 1595 ct
1798 1579 1833 1595 ex
1859 1572 1932 1596 male
1951 1570 2051 1596 affecto

1151 1621 1270 1652 pessime
1290 1621 1431 1645 infectum
1451 1621 1645 1644 reddiderunt.
1682 1620 1750 1652 Spes
1771 1622 1865 1644 omnis
1887 1622 1915 1644 in
1941 1621 2052 1645 balneis

1151 1673 1206 1694 est:
1236 1671 1333 1701 itaque
1363 1670 1495 1701 quotidie
1527 1670 1562 1694 ad
1589 1671 1751 1702 petriolana
1781 1672 1902 1703 suspiro,
1930 1678 1986 1702 quo
2018 1672 2051 1695 ad

1151 1719 1261 1743 exitum
1280 1719 1391 1751 aprilis,
1419 1719 1475 1742 nisi
1502 1718 1571 1750 quid
1597 1718 1708 1743 accidat
1734 1718 1943 1752 impedimenti.
1969 1720 2052 1752 profi-

1151 1769 1248 1793 ciscar.
1287 1768 1348 1792 Rex
1368 1767 1544 1792 Theanensis
1565 1769 1661 1793 nescio
1682 1776 1762 1800 quem
1783 1769 1915 1793 habuerit
1935 1770 2052 1800 exitum,

1151 1822 1200 1844 aut
1220 1821 1242 1843 si
1265 1827 1318 1851 qua
1339 1826 1401 1851 spes
1422 1820 1459 1843 sit
1480 1819 1598 1850 reliqua.
1637 1819 1733 1844 liabeo
1753 1820 1826 1843 duos
1844 1826 1878 1843 ex
1899 1821 1967 1844 meis
1982 1820 2052 1844 Nea-

1151 1869 1222 1900 poli,
1242 1869 1292 1900 qui
1312 1869 1458 1900 negotium
1479 1871 1643 1901 procurant.
1679 1868 1710 1892 Si
1729 1876 1784 1900 qua
1800 1870 1855 1898 via,
1869 1871 1917 1893 tua
1931 1876 2052 1902 praeser-

1151 1919 1203 1942 tim
1224 1925 1320 1950 opera,
1339 1917 1418 1942 effeci
1438 1918 1538 1951 possit,
1555 1920 1584 1942 ut
1605 1925 1744 1949 assequar,
1760 1918 1857 1942 reddes
1871 1925 1914 1942 me
1928 1918 2053 1943 foelicis-

1152 1969 1264 1992 simum.
1303 1967 1380 1991 Vale.

1097 2170 1155 2204 2².

231 2287 400 2312 CAMPANUS
419 2287 509 2311 Sxxro
528 2285 579 2310 1111
601 2291 754 2309 voxrlrlcx
775 2291 899 2309 MAxfflo
919 2290 1066 2310 SALUTEM.

287 2337 359 2360 llaec
379 2337 492 2365 civitas,
512 2336 590 2367 pater
604 2335 708 2361 sancte,
723 2336 753 2357 ut
767 2335 874 2358 taceam
889 2333 923 2357 de
938 2340 980 2357 me
993 2333 1043 2364 qui
1057 2333 1096 2356 lu-

198 2386 292 2410 dibrio
306 2386 418 2412 habeor,
433 2387 459 2408 et
479 2384 532 2407 hu«-
547 2383 616 2406 illuc
637 2383 820 2410 transmutor.
836 2383 958 2415 pessimo
974 2383 1003 2406 in
1019 2384 1095 2406 statu

197 2436 246 2459 est.
285 2434 441 2466 sperabant
463 2434 585 2464 quictem
606 2440 620 2455 a
636 2432 789 2455 sanctitat<-
802 2433 895 2455 vestra
909 2433 935 2455 et
950 2438 1055 2464 pacem,
1069 2433 1095 2454 et

871 2481 915 2504 Ad
937 2488 978 2504 me
993 2480 1098 2505 attinet

198 2533 319 2558 scribere
332 2538 514 2563 quaecunque
533 2531 640 2554 sentio:
663 2532 770 2554 vestrae
783 2531 945 2554 sanctitatis
959 2530 1013 2554 erit
1035 2537 1098 2561 pro-

198 2492 260 2508 ecce
273 2485 370 2507 omnia
386 2483 415 2506 in
431 2482 531 2506 sudore
544 2483 572 2505 et
585 2481 661 2506 bello
678 2482 832 2504 versantur.

199 2581 302 2607 videre.
317 2581 416 2605 Fertur
427 2581 479 2603 huc
491 2581 588 2603 venire
602 2578 742 2602 Ecclesiae
753 2580 845 2602 castra
860 2579 979 2602 liberum
993 2580 1099 2611 ingres-

199 2639 258 2656 sum
274 2631 417 2663 petentia;
438 2631 523 2657 cives,
543 2628 642 2652 habito
663 2627 796 2656 consilio,
811 2627 1017 2660 responderunt
1045 2636 1098 2652 me-

199 2684 276 2705 tuere
297 2681 431 2703 armatam
447 2676 670 2704 multitudinem.
692 2677 789 2701 omnia
806 2678 834 2700 in
851 2677 925 2700 ferro
939 2679 967 2701 et
981 2677 1099 2702 licentia

199 2728 407 2762 reponentium,
431 2728 546 2759 paratos
559 2732 618 2749 esse
637 2727 734 2750 omnia
755 2726 902 2749 servitutis
914 2726 1049 2757 obsequia
1063 2726 1100 2750 le—

200 2781 266 2810 gato
287 2779 378 2801 vestre
398 2776 572 2801 sanctitatis.
585 2781 656 2805 quae
669 2774 731 2798 slne
745 2776 834 2798 status
854 2781 953 2798 eorum
973 2775 1100 2808 periculo

200 2831 342 2861 petuntur,
357 2827 516 2859 praestare:
535 2831 598 2847 cum
612 2824 738 2847 exercitu
755 2823 865 2855 ingredi
880 2825 988 2848 armatu
1002 2823 1101 2848 discri-

201 2877 338 2900 minosnm
353 2881 421 2905 esse,
436 2877 465 2898 ut
480 2873 607 2897 Tuderto
621 2875 648 2896 et
661 2872 779 2904 Spoleto
794 2872 880 2904 paulo
895 2875 960 2897 ante
972 2873 1038 2898 fuit.
1071 2873 1101 2897 In

288 3008 295 3022 ¹
312 3008 386 3028 Lim-:a
403 3011 494 3029 sonus,
517 3006 620 3030 epistola
634 3008 718 3029 prima.

1151 2291 1233 2308 causa
1253 2284 1362 2316 dispari
1382 2283 1483 2308 dicunt
1501 2291 1529 2308 se
1549 2283 1629 2308 omni
1649 2290 1749 2308 ναι-ατε
1769 2283 1851 2316 culpa
1873 2291 1960 2307 nova:
1981 2284 2056 2307 anti-

1151 2341 1243 2364 quam,
1255 2334 1279 2357 si
1291 2340 1374 2364 quam
1386 2333 1500 2361 habent,
1513 2333 1657 2357 remissam
1669 2339 1727 2357 esse
1742 2340 1757 2356 a
1773 2332 1820 2356 fel.
1836 2340 1915 2357 mern.
1929 2332 2019 2356 Paulo
2029 2332 2056 2356 11

1151 2383 1366 2415 praedecessore
1393 2384 1497 2412 vestro,
1517 2382 1620 2406 timent
1639 2382 1828 2412 adversarios,
1843 2382 1945 2406 timent
1960 2382 2055 2414 capita

1151 2432 1386 2462 adversariorum,
1398 2430 1472 2454 idem
1484 2431 1560 2461 quod
1572 2430 1654 2455 Pauli
1666 2433 1793 2463 tempore
1805 2431 1948 2462 petierunt
1959 2432 2055 2462 postu-

1152 2482 1242 2506 lantia
1253 2490 1258 2504 ι
1271 2481 1374 2504 misera
1388 2479 1502 2503 videtur
1521 2486 1573 2504 res.
1612 2480 1762 2503 Foeminas
1775 2481 1802 2503 ct
1817 2486 1918 2511 pueros
1932 2486 2056 2503 omnem-

1153 2539 1205 2563 que
1226 2530 1369 2554 imbellem
1383 2530 1495 2554 turbam
1515 2532 1595 2554 extra
1616 2529 1710 2553 urbem
1732 2529 1799 2561 pelli
1816 2529 2056 2561 lachrymantem:

1154 2582 1300 2605 remanent
1328 2581 1421 2604 autem
1453 2579 1508 2603 soli
1536 2579 1570 2603 ad
1601 2586 1676 2602 arma
1706 2579 1798 2610 parati
1829 2581 1855 2603 et
1883 2582 2012 2610 mortem,
2032 2582 2055 2604 si

1835 2625 1912 2655 Quid
1939 2631 1982 2653 est
2002 2630 2056 2653 hoc

1155 2679 1233 2703 aliud
1254 2685 1337 2709 quam
1358 2677 1544 2709 perturbatio.
1564 2684 1646 2708 quarn
1668 2677 1791 2701 saevicia
1812 2675 1978 2707 Tureorum,
1999 2686 2056 2703 non

1154 2630 1292 2654 sanctitas
1313 2630 1406 2653 vestra
1434 2628 1518 2652 aliter
1545 2635 1601 2652 non
1629 2629 1797 2652 constituat.

1155 2728 1322 2755 christiana,
1352 2733 1411 2750 non
1434 2725 1628 2756 sacerdotalis,
1651 2733 1708 2749 non
1729 2732 1801 2757 quae
1819 2726 1914 2758 sapiat
1933 2726 2057 2752 salvato·

1157 2777 1234 2800 rem?
1254 2773 1331 2802 Quid
1350 2777 1468 2806 egerunt
1489 2773 1669 2798 Castelliani?
1688 2772 1747 2798 Cur
1760 2774 1945 2807 plectuntur?
1965 2773 2056 2802 Quam

1158 2826 1348 2857 praebuerunt
1362 2824 1446 2847 huius
1460 2823 1526 2847 belli
1548 2823 1678 2847 causam?
1691 2823 1722 2847 Si
1737 2823 1780 2847 sas
1798 2826 1840 2847 est
1862 2824 1971 2849 iudicio
1991 2832 2058 2849 con-

1157 2874 1280 2900 tendere.
1300 2872 1439 2897 iudicium
1459 2879 1474 2896 a
1501 2872 1653 2897 sanctitate
1681 2874 1774 2897 vestra
1799 2872 1967 2905 deposcunt.
2003 2874 2057 2898 Sed

1249 3005 1259 3018 ²
1273 3004 1346 3024 Linum
1362 3009 1450 3026 nouus.
1468 3003 1572 3028 Epistola
1586 3005 1679 3028 quarta.

2075 621 2110 647 4⁰

2076 893 2108 918 ⁴5

2079 1141 2112 1168 50

2081 1385 2112 1411 55

2081 1623 2115 1648 60

2083 2289 2118 2316 70

2084 2533 2116 2560 75
