2388 3439
359 201 380 236 4
1091 202 1322 238 ROBERTI
1349 202 1468 238 URSI

118 321 332 376 Κζξέῑξξίηῇξζξῑε·
355 335 618 367 supremumque
643 325 736 356 urbis
761 325 1041 367 fortunarumque
1080 325 1250 357 excidium
1282 325 1499 358 verebantur.
1545 326 1791 358 Verumtamen
1815 327 1928 358 omnia
1951 337 2017 370 que
2041 328 2135 369 prius
2159 339 2202 359 ex

353 377 487 409 illorum
511 377 605 409 obitu
630 377 931 420 desyderabamus.
956 379 1020 423 hec
1046 378 1141 409 brevi
1166 379 1200 409 in
1225 384 1257 410 te
1282 390 1349 410 uno
1382 379 1536 410 videmus
1560 380 1767 416 effloruisse:
1799 381 1857 422 qui
1883 380 2056 422 utriusque
2082 381 2201 413 facun-

353 431 454 467 diam,
478 432 691 473 gravitatem‚
715 432 992 468 munificentiam,
1016 442 1270 474 generososque
1296 443 1407 464 mores
1432 433 1466 463 in
1491 433 1554 464 ista
1579 434 1718 464 iuvenili
1744 439 1844 476 etate,
1868 444 1936 465 non
1961 434 2032 465 sine
2057 435 2202 466 maxima

353 484 500 515 omnium
524 485 759 521 admiratione,
783 485 871 516 adeo
896 486 1093 526 complexus
1118 496 1164 521 es,
1190 492 1226 517 ut
1250 497 1291 517 ex
1308 486 1592 527 desperatissimis
1617 486 1729 524 rebus,
1755 498 1856 528 supra
1884 488 2074 519 mortalium
2099 498 2204 529 spem,

353 547 394 568 eo
418 542 475 568 tua
499 543 531 568 te
557 538 739 569 deduxerit
769 538 945 578 sapientia,
977 544 1013 569 ut
1036 548 1105 569 non
1136 539 1244 570 sohun
1268 545 1301 570 te
1326 545 1469 581 tuosque
1487 540 1699 582 patriamque
1731 539 1903 572 labantem
1921 540 2118 577 restitueris,
2143 540 2204 572 sed
2251 539 2270 571 5

352 590 453 621 etiam
478 596 511 621 et
535 590 657 631 opibus
681 597 714 622 et
738 591 845 631 copiis
869 597 972 633 atque
997 591 1140 632 imperio
1166 598 1365 634 propagato,
1390 592 1479 623 inter
1502 593 1754 633 potentissimos
1771 593 1899 634 primus
1924 593 2082 624 evaseris.
2130 593 2203 625 Deo

115 641 330 688 Ξζξζωῆζξζζξὲθξζ
354 644 457 686 igitur
480 644 625 675 maximo
661 644 855 686 optimoque
881 645 1061 685 plurimum
1086 644 1262 682 debemus,
1294 646 1351 687 qui
1379 646 1424 677 ad
1456 646 1580 677 civium
1605 652 1795 678 nostrorum
1819 657 1951 688 pacem,
1977 652 2010 678 et
2033 646 2078 678 ad
2110 645 2204 677 urbis

140 694 242 741 ξξὲζξῡ
279 695 331 715 ¹⁸¹³·
358 697 507 738 quietem
541 703 644 739 atque
680 698 968 734 instaurationem,
992 704 1025 730 te
1063 699 1127 730 hac
1163 705 1365 740 tempestate
1402 698 1500 731 nobis
1534 699 1670 731 dederit
1705 700 1828 731 ducem
1863 711 1903 731 ac
1938 710 2056 743 regem
2089 700 2205 732 claris-

351 750 480 786 simum,
505 751 607 781 animi
632 751 866 794 magnitudine
891 757 993 793 atque
1026 752 1116 783 omni
1141 752 1264 784 virtute
1290 752 1460 794 preditum
1469 765 1477 789 ς
1509 753 1567 795 qui
1592 764 1726 785 omnem
1750 759 1841 785 tuam
1869 753 2115 797 cogitationem
2147 764 2206 785 vo-

350 809 486 845 tumque
512 813 611 835 omne
635 804 680 835 ad
704 810 836 836 tuorum
862 803 1137 836 beneficientiam
1161 805 1297 846 penitus
1328 805 1507 841 dedicasti,
1540 817 1725 848 eorumque
1750 807 1882 838 animos
1917 807 2053 838 assidue
2085 806 2203 838 officiis
2231 806 2269 837 lO

349 862 451 898 atque
476 856 680 888 liberalitate
705 857 870 888 devincis.
902 857 1138 890 Ariminenses
1162 859 1287 900 itaque,
1305 859 1471 890 hactenus
1489 859 1634 891 fortunis
1657 860 1872 901 amplissimis
1889 860 2062 897 exinaniti,
2079 860 2204 901 impre-

349 910 531 941 sentiarum
556 921 618 951 per
642 916 675 942 te
699 910 744 942 ad
769 910 875 942 bonas
899 917 989 942 artes
1014 918 1048 943 et
1071 911 1271 953 disciplinas
1296 911 1456 944 liberales
1480 919 1703 944 revocantur:
1727 923 1796 944 non
1820 913 1919 945 aliter
1943 923 2045 955 quam
2070 913 2115 950 hi,
2143 913 2201 955 qui

348 963 492 995 adversa
517 963 712 995 valetudine
745 964 803 995 diu
835 963 1087 1001 laboraverunt,
1113 965 1161 996 ire
1187 965 1221 996 in
1248 965 1369 996 melius
1401 965 1512 997 solent
1543 972 1662 1007 postea
1695 976 1797 1008 quam
1828 965 2027 1008 Aesculapii
2053 965 2202 998 libarunt

348 1016 588 1058 pharmacum!
633 1016 681 1048 At
704 1017 784 1049 dum
808 1018 843 1048 in
867 1023 941 1049 tuas
972 1018 1091 1049 laudes
1123 1024 1212 1050 totus
1244 1018 1347 1055 feror,
1372 1019 1482 1050 sentio
1506 1018 1568 1050 me'
1592 1018 1637 1050 ab
1660 1019 1807 1061 inceptis
1830 1019 1965 1062 longius
1989 1019 2200 1057 declinasse3

348 1070 459 1100 nullus
483 1070 572 1101 enim
596 1076 664 1101 tam
688 1070 804 1102 aridus
820 1077 934 1102 orator
951 1071 1073 1108 existit,
1097 1072 1154 1113 qui
1180 1071 1215 1102 in
1239 1071 1304 1103 illis
1322 1071 1544 1104 recensendis
1567 1082 1636 1104 non
1660 1072 1900 1104 disertissimus
1924 1072 2097 1104 evaderet.
2143 1071 2199 1104 Ne
2228 1071 2265 1104 15

346 1128 460 1155 autem
484 1123 625 1154 ulterius
648 1123 839 1164 protrahar,
863 1123 908 1155 ad
932 1124 1120 1156 institutum
1144 1124 1262 1156 redeo.

934 1235 1140 1267 Oesnnoms
1165 1236 1440 1269 TIPHERNATUM
1464 1246 1608 1268 DIVISIO.

433 1315 682 1356 Tiphernatum
706 1326 846 1359 gravem
871 1322 905 1348 et
928 1317 1129 1348 acerrimam
1154 1316 1377 1353 obsidionem,
1394 1316 1549 1349 Roberte
1577 1317 1759 1349 Malatesta
1783 1318 1945 1359 princeps
1968 1317 2199 1355 invictissime,

345 1375 403 1401 tuo
427 1369 553 1401 nomini
579 1369 727 1401 dicatam
743 1369 763 1407 ¹,
789 1370 854 1401 hoc
879 1369 998 1401 ordine
1016 1370 1236 1402 referendam
1254 1371 1382 1407 censui,
1414 1381 1482 1413 quo
1506 1382 1619 1402 rerum
1645 1372 1794 1402 omnium
1818 1377 1913 1403 certa
1939 1377 1973 1403 et
1988 1371 2124 1414 integra
2136 1370 2198 1403 tibi

345 1422 496 1465 cognitio
521 1422 740 1454 exhibeatur:
765 1422 858 1454 urbis
882 1423 991 1464 primo
1016 1423 1125 1460 situm,
1151 1424 1325 1465 copiarum
1350 1431 1549 1465 apparatum
1584 1431 1618 1456 et
1649 1424 1814 1461 ordinem,
1840 1430 2027 1456 castrorum
2052 1424 2129 1456 loca
2164 1430 2199 1456 et
2222 1424 2264 1455 20

345 1475 462 1512 duces
492 1475 679 1507 obsidionis
702 1482 874 1517 postremo
906 1482 940 1508 et
971 1477 1155 1518 preliorum
1188 1487 1366 1508 successus
1398 1478 1603 1520 exitumque.
1637 1476 1771 1514 Quibus
1803 1478 1942 1514 exactis,
1967 1477 2107 1509 historia
2138 1487 2199 1519 po-

342 1529 485 1560 steritati
510 1528 727 1561 mandabitur
750 1528 886 1566 laboris,
911 1530 1054 1566 tristitie,
1079 1531 1231 1567 meroris,
1260 1531 1437 1562 vulnerum
1462 1531 1647 1573 caedisque
1673 1531 1786 1572 plena.
1833 1531 1963 1562 Horum
1992 1531 2082 1561 enim
2114 1536 2197 1562 tem-

341 1593 460 1624 porum
477 1583 652 1614 calamitas
676 1593 744 1614 non
767 1583 868 1614 aliam
893 1583 956 1614 nisi
980 1583 1233 1615 lamentabilem
1251 1583 1423 1616 scribendi
1449 1585 1625 1616 materiam
1641 1590 1910 1627 argumentaque
1935 1583 2033 1616 nobis
2056 1589 2179 1625 parant
2187 1596 2196 1621 3

341 1647 406 1668 nec
431 1636 474 1668 de
500 1636 579 1668 fatis
603 1636 826 1678 iniquioribus
851 1637 1064 1679 querendum
1081 1643 1142 1675 est,
1174 1638 1320 1670 ferenda
1345 1638 1513 1680 siquidem
1546 1645 1622 1669 sunt
1654 1644 1808 1680 tempora
1832 1638 2094 1680 qualiacumque
2118 1638 2195 1675 sint,

342 1689 477 1722 Octavii
500 1689 645 1733 Augusti
672 1690 823 1727 hortatu3
851 1690 962 1722 fateor
985 1691 1101 1733 utique
1130 1691 1300 1723 secundas
1324 1702 1378 1723 res
1403 1691 1571 1733 optandas
1596 1702 1681 1728 esse,
1706 1697 1940 1724 verumtamen
1963 1691 2087 1723 referri
2112 1701 2195 1733 qua-
2219 1690 2259 1722 25

342 1743 528 1785 lescunque
554 1744 771 1786 contigerint.

894 1819 1009 1852 URBIS
1034 1831 1132 1853 SITUS
1156 1831 1202 1853 ET
1227 1831 1355 1854 CIVIUM
1381 1832 1615 1858 QUALITATES
1629 1821 1651 1853 ἲ.

428 1899 485 1932 Ad
510 1901 609 1932 situm
634 1901 748 1943 itaque
782 1900 875 1932 urbis
907 1901 1157 1934 ostendendum
1189 1902 1283 1943 prius
1314 1903 1496 1945 accingor:
1528 1913 1595 1945 quo
1627 1903 1662 1933 in
1694 1902 1784 1933 omni
1816 1908 1906 1946 etate
1931 1911 2066 1942 semper
2097 1899 2193 1932 dele-

339 1960 449 1986 ctatus
473 1965 555 1991 sum,
587 1954 648 1985 sed
674 1965 714 1986 eo
739 1955 949 1996 potissimum
973 1961 1126 1997 tempore
1151 1966 1218 1998 quo
1243 1955 1369 1988 ibidem
1395 1956 1600 1988 clarissimus
1625 1962 1719 1987 vates
1751 1954 1940 1997 oratorque'
1972 1953 2192 1996 Campanus³

337 2018 466 2051 preses,
494 2018 559 2050 ego
591 2018 672 2039 vero
704 2019 843 2040 munere
869 2014 1027 2053 praeturg
1054 2008 1223 2052 fungebar
1248 2009 1388 2047 urbane,
1420 2009 1586 2041 Nicolaus
1613 2015 1726 2041 autem
1757 2008 1915 2045 Vitellus,
1940 2008 2107 2050 equestris
2138 2018 2192 2039 or-
2215 2008 2257 2038 30

338 2060 437 2098 dinis,
462 2072 502 2093 ea
518 2062 553 2092 in
570 2061 654 2093 urbe
671 2062 756 2093 civis
772 2062 952 2104 primarius
968 2069 1002 2094 et
1019 2069 1091 2094 erat
1107 2069 1141 2094 et
1158 2062 1347 2095 habebatur
1361 2067 1382 2094 ⁴.
1418 2063 1632 2105 Tiphernum
1646 2063 1657 2079 ⁵
1680 2062 1798 2094 urbem
1815 2062 1970 2104 plerique
1988 2061 2190 2103 scriptorum

427 2199 435 2215 ¹
455 2201 580 2225 Roberto
599 2201 766 2226 Malatestae
787 2202 894 2226 dicavit
922 2204 1017 2226 noster
1044 2203 1147 2226 librum
1168 2211 1231 2227 suo—

339 2250 400 2266 rum
419 2243 663 2275 epigrammatum,
689 2251 759 2274 quae
785 2252 849 2268 mss.
872 2245 985 2268 exstant
1005 2244 1034 2268 in
1063 2245 1235 2269 bibliotheca

337 2284 500 2309 Stroctiana
520 2284 581 2317 (M).

425 2325 435 2342 Β
454 2327 505 2351 Per
525 2329 552 2351 la
573 2329 752 2353 descrizione
774 2330 849 2354 della
865 2327 935 2354 citt&
951 2330 1010 2353 ved.
1025 2330 1131 2353 anche:
1153 2329 1233 2353 ΕΔΜ-

337 2375 409 2393 PANI
429 2371 524 2400 Epist„
544 2370 592 2400 IX,
616 2378 636 2394 1.
656 2371 832 2395 APPENDICE
853 2380 878 2395 n.
899 2372 918 2395 I.

425 2410 436 2427 ³
455 2412 496 2436 De
516 2413 647 2437 Antonio
674 2413 821 2446 Campano
854 2414 895 2438 ita
921 2414 1023 2446 scripsi
1044 2414 1073 2437 in
1095 2414 1171 2438 notis
1197 2414 1233 2437 ad

336 2453 455 2477 Paulum
475 2454 645 2483 Cortesium,
659 2456 699 2478 De
718 2455 866 2479 hominibus
884 2457 975 2484 doctis,
989 2463 1015 2488 p.
1036 2463 1083 2488 37:
1101 2456 1234 2480 Antonius

336 2497 440 2520 natione
462 2496 622 2528 Campanus,
641 2505 718 2528 quem
737 2498 837 2521 humili
855 2499 905 2522 loco
925 2501 1017 2521 natum
1036 2498 1120 2528 refert
1135 2499 1233 2530 Gyral-

336 2539 395 2566 dus,
411 2541 487 2570 poeta
497 2538 573 2569 fuit,
585 2542 647 2563 teste
660 2541 757 2568 eodem,
778 2541 962 2564 nobilissimum.
998 2541 1039 2564 De
1052 2548 1078 2564 eo
1091 2542 1149 2564 vide
1163 2541 1233 2564 Pau-

335 2579 391 2602 lum
409 2580 510 2604 lovium
535 2589 586 2605 non
611 2584 665 2605 tam
684 2582 823 2610 Polz'tiani,
843 2582 957 2610 Latomi,
976 2583 1099 2606 Plotinae
1124 2583 1233 2606 calamis

335 2621 498 2650 laudantem,
523 2624 569 2646 sed
587 2625 698 2655 proprio
725 2625 803 2648 etiam
829 2633 883 2652 ore,
909 2632 991 2655 quum
1011 2625 1065 2655 ipse
1091 2626 1232 2649 ostenderit

338 2663 501 2695 Campanum
524 2665 570 2690 Pii
584 2666 719 2698 pontificis
736 2667 855 2697 gratiam
880 2667 1029 2690 studiorum
1053 2667 1231 2690 similitudine

330 2707 513 2736 promeruisse.
550 2708 636 2731 Plura
655 2709 728 2739 apud
746 2709 848 2732 clarum
867 2709 957 2732 virum
973 2709 1070 2732 Zenum
1089 2712 1155 2733 tomo
1174 2709 1237 2732 XII

332 2746 468 2778 Ephemer.
490 2748 528 2772 lit.
551 2749 625 2777 Ital„
645 2751 692 2773 ubi
709 2750 856 2781 episcopum
880 2751 1073 2774 Crotoniensem
1091 2754 1117 2774 et
1141 2751 1231 2782 Apru-

276 2795 305 2821 15
334 2790 421 2812 tinum
443 2790 606 2821 Campanum
625 2792 752 2820 inventes,
772 2793 822 2822 qni
839 2793 945 2816 decessit
962 2801 1005 2816 an.
1025 2797 1089 2821 1477
1116 2794 1230 2824 quadra-

331 2831 442 2861 genario
456 2833 552 2857 mator.
583 2833 625 2857 De
639 2835 699 2857 eius
713 2834 816 2858 humili
831 2835 924 2866 patria
938 2835 1039 2858 honor.
1060 2834 1229 2858 Dominicus

335 2872 493 2898 Cat-amella
509 2883 513 2898 ς
534 2875 586 2898 Hic
598 2876 698 2899 humili
709 2877 806 2900 venisse
821 2877 882 2905 loco,
897 2885 973 2908 quem
980 2877 1061 2907 fama
1075 2879 1172 2908 loquax
1184 2880 1228 2901 est.

334 2915 394 2938 Non
413 2916 539 2940 hzcmilem
555 2918 644 2947 potuit
661 2920 777 2942 carmine
796 2919 889 2943 habere
907 2920 989 2944 locum
1010 2920 1069 2951 (Μ).

422 2956 432 2972 ⁴
452 2958 495 2981 Ad
517 2958 668 2983 Nicolaum
687 2961 837 2985 Vitellium
858 2962 937 2986 misit
956 2963 1126 2995 epigramma
1149 2971 1229 2987 suum

274 3003 307 3022 20
336 2998 475 3024 Robertus
501 3001 597 3032 Ursus,
623 3003 703 3027 euius
729 3003 847 3028 initium
873 3006 931 3028 est:
962 3004 1047 3028 Visere
1072 3009 1096 3029 te
1123 3005 1227 3034 saltem,

1286 2203 1394 2227 Nicolae
1419 2203 1522 2231 Vitelle,
1538 2205 1668 2234 petebam,
1686 2203 1688 2234 Ι
1705 2206 1778 2234 saepe
1793 2211 1875 2226 unum
1892 2203 1923 2226 id
1932 2201 2026 2232 fateor
2038 2201 2188 2226 sollicitasse

1290 2246 1381 2271 Iovem.
1399 2246 1402 2276 Ι
1419 2246 1504 2269 Audit
1516 2249 1633 2270 orantem
1647 2247 1751 2273 totiens,
1765 2246 1893 2275 licuitque
1902 2246 2002 2273 videre,
2019 2244 2022 2275 Ι
2039 2243 2075 2268 Et
2087 2246 2125 2268 est
2133 2251 2189 2267 am-

1285 2288 1381 2319 plexus
1399 2291 1491 2311 mutua
1510 2289 1587 2311 verba
1607 2289 1685 2319 loqui.
1705 2287 1707 2317 Ι
1724 2288 1779 2311 Nec
1797 2289 1860 2312 satis
1878 2288 1907 2310 in
1928 2288 2049 2317 patriam
2068 2289 2128 2314 tete,
2146 2293 2188 2309 re-

1289 2331 1414 2361 ducesque
1433 2331 1532 2354 sodales
1548 2330 1551 2361 Ι
1568 2331 1678 2354 Paratos
1697 2334 1747 2354 toto
1762 2333 1865 2361 pectore
1881 2333 1955 2361 posco
1973 2330 2043 2353 Deos
2056 2328 2120 2362 (M).

1377 2371 1388 2387 ⁵
1408 2373 1440 2396 In
1461 2381 1598 2397 marmore
1618 2374 1739 2404 quodam
1759 2373 1857 2396 subtus
1883 2371 2029 2396 ecclesiam
2051 2371 2186 2395 maiorem

1288 2422 1313 2439 c.
1333 2422 1491 2439 ‘rlFERvas
1511 2423 1536 2439 c.
1556 2423 1581 2439 F.
1602 2422 1643 2439 eL.
1664 2422 1691 2439 v.
1705 2422 1829 2439 SABINVS
1843 2421 1927 2438 vxxrr
1947 2420 2040 2438 ANNxs
2058 2420 2107 2437 xv.
2144 2413 2186 2436 De

1289 2457 1404 2481 nomine
1424 2457 1563 2489 Tipherni
1577 2458 1643 2481 haee
1658 2458 1731 2490 apud
1747 2457 1928 2481 Franciscum
1942 2455 2085 2488 Ignatium
2097 2455 2185 2479 Laza-

1288 2499 1312 2522 ri
1327 2500 1356 2523 in
1372 2500 1443 2523 serie
1457 2500 1655 2532 episcoporum
1670 2500 1753 2523 huius
1768 2499 1896 2523 civitatis
1911 2499 2043 2531 leguntur
2057 2497 2182 2529 Ughellii

1287 2543 1371 2566 verba
1390 2543 1568 2566 coherentia:
1598 2543 1727 2566 Continui>
1746 2546 1836 2572 questa
1859 2542 1923 2566 citto
1943 2549 1959 2565 a
1977 2541 2124 2564 chiamarsi
2146 2539 2186 2564 col

1286 2592 1358 2607 nome
1378 2585 1408 2607 di
1428 2583 1536 2613 Tiferno
1549 2584 1608 2616 fino
1627 2592 1642 2606 a
1662 2587 1735 2607 tanto
1753 2584 1798 2607 che
1817 2584 1944 2607 distr-utta
1963 2583 1997 2606 da
2018 2581 2114 2609 Totz‘la,
2136 2588 2184 2604 san

1285 2626 1400 2656 Florida,
1420 2626 1505 2650 allora
1530 2627 1657 2650 cittadino
1680 2634 1694 2649 e
1718 2633 1816 2649 vescovo
1835 2626 1865 2648 di
1882 2625 1977 2656 quella,
2002 2625 2032 2648 di
2049 2631 2132 2647 nuovo
2156 2623 2184 2647 la

1285 2668 1415 2699 riedifico,
1434 2676 1446 2691 e
1465 2668 1505 2691 col
1521 2669 1631 2691 serviri-1⁴
1642 2668 1709 2691 delle
1721 2669 1810 2692 rovz'ne
1829 2669 1860 2691 di
1876 2667 1969 2691 alcum·
1984 2666 2095 2694 castelli,
2111 2673 2124 2689 ο
2137 2673 2183 2689 con

1285 2710 1464 2733 racchx'uderli
1482 2711 1573 2734 dentro
1587 2710 1610 2733 il
1622 2712 1719 2734 recinto
1733 2710 1799 2733 delle
1819 2717 1899 2733 nuove
1918 2708 2035 2738 mura,le
2054 2709 2149 2739 impose
2161 2707 2184 2731 il

1285 2759 1356 2775 nome
1376 2752 1406 2774 di
1427 2752 1497 2775 Cz'tto
1516 2753 1546 2775 di
1568 2752 1685 2779 castelli,
1707 2760 1753 2776 ora
1772 2753 1853 2775 dz'cesi
1870 2752 1900 2774 di
1921 2751 2042 2778 Castello,
2061 2750 2105 2774 che
2117 2751 2182 2781 pero

1283 2793 1378 2816 l'arme
1397 2793 1467 2816 della
1486 2795 1624 2817 medesz'ma
1643 2793 1715 2817 dalla
1725 2796 1802 2824 parte
1821 2793 1943 2820 sinistra,
1956 2793 1969 2815 e*
1983 2800 2037 2815 una
2051 2799 2123 2816 rocca
2135 2799 2181 2815 con

1283 2838 1323 2857 tre
1342 2835 1451 2860 castelli.
1487 2836 1546 2859 1100
1575 2836 1665 2867 liquet
1690 2843 1723 2859 ex
1750 2835 1848 2867 sigillo
1875 2835 2021 2858 cuiusdam
2047 2834 2181 2865 antiquae

1285 2877 1421 2909 Tiphern.
1442 2878 1569 2902 familiae
1589 2878 1663 2910 apud
1685 2885 1736 2901 nos
1758 2877 1818 2908 (M).
1857 2874 1937 2900 Cittiz
1957 2877 1985 2900 di
2007 2875 2134 2901 Castello
2150 2876 2179 2898 in

1283 2920 1381 2943 antico
1403 2921 1425 2943 si
1441 2919 1553 2943 chiam&
1570 2919 1678 2950 Tiferno
1701 2920 1822 2943 Tiberino
1841 2926 1855 2943 e
1875 2919 1898 2942 si
1919 2919 2021 2942 ritiene
2041 2925 2094 2942 con
2117 2918 2180 2941 fon-

1284 2962 1418 2986 damento
1433 2962 1460 2985 di
1486 2963 1598 2994 origine
1618 2963 1723 2986 umbra.
1743 2962 1832 2985 Verso
1855 2961 1877 2985 il
1896 2967 1931 2992 90
1950 2968 1974 2984 a.
1995 2960 2036 2989 C.‚
2057 2960 2131 2991 dopo
2151 2959 2179 2984 la

1282 3012 1382 3037 guerra
1397 3006 1526 3035 marsica,
1546 3012 1591 3029 era
1612 3004 1769 3037 municipio
1790 3010 1909 3028 romano
1929 3010 1944 3027 e
1964 3010 2023 3026 non
2044 3001 2179 3034 degl’infi-
2206 3006 2241 3032 40

419 3114 438 3138 1.
460 3121 490 3147 14
510 3115 549 3139 At
568 3116 633 3140 dum
652 3116 683 3146 A,
704 3125 729 3150 p.
753 3124 792 3149 13.
811 3131 844 3136 -——
864 3119 882 3143 1.
905 3126 936 3150 14
955 3119 990 3143 ab
1009 3120 1133 3151 inceptis
1154 3121 1182 3150 T,
1197 3128 1220 3144 c.
1239 3119 1300 3152 674.
1320 3133 1353 3137 —
1374 3121 1391 3144 l.
1412 3127 1445 3152 29
1465 3119 1626 3153 Campanus
1644 3119 1675 3150 A,
1698 3127 1723 3151 p.
1746 3126 1785 3151 14.
