2388 3439
451 188 499 224 26
1183 182 1412 220 ROBERTI
1439 183 1557 219 URSI

448 311 572 348 sidunt,
596 320 685 341 nunc
718 309 779 340 hos
810 313 990 343 morantes,
1014 307 1090 338 illos
1114 317 1204 338 nunc
1228 306 1481 342 distribuentes,
1513 312 1546 337 et
1577 306 1658 337 lieet
1689 305 1881 346 disparibus
1913 306 2099 338 intervallis
2129 306 2174 338 ab
2206 306 2289 338 urbe

447 365 584 400 distent,
607 369 699 395 tanto
716 368 830 394 tamen
847 361 965 392 ordine
983 359 1258 402 progrediuntur,
1276 366 1311 391 ut
1327 359 1469 401 clangor
1485 358 1652 394 tubarum,
1670 365 1703 390 et
1728 359 1984 400 irrumpentium
2007 369 2209 402 congressus
2223 370 2289 393 uno

448 417 638 458 eodemque
663 422 814 456 tempore
842 413 954 445 fieret.v

788 565 946 596 TERROR
971 573 1107 595 MAX1M1
1132 573 1352 595 APPARATUS
1376 573 1534 595 HOSTIUM
1557 572 1607 594 AD
1632 572 1951 595 OPPUGNATIONEM·

535 675 659 707 Debuit
682 674 839 715 profecto
864 671 1089 714 conglobatus
1113 671 1286 712 copiarum
1310 677 1504 712 apparatus,
1522 672 1674 713 peditum
1691 670 1881 707 multitudo,
1906 681 2023 702 cursus
2048 677 2081 702 et
2105 670 2287 708 discursus,

446 730 672 771 strepitusque
698 726 818 762 varius,
844 724 884 756 et'
901 725 1037 756 dissona
1062 724 1247 768 miserrime
1272 724 1546 765 depopulationis
1572 735 1613 756 ac
1631 724 1747 756 caedis
1771 724 2006 759 conclamatio,
2030 723 2160 755 animos
2183 734 2289 766 quan-

446 790 651 823 tumcunque
677 779 791 810 viriles
815 777 1009 810 retundere.
1056 777 1120 808 Ast
1143 776 1317 818 oppidani,
1341 777 1399 818 qui
1424 778 1535 808 omnia
1560 777 1789 821 pregviderant‚
1803 787 1871 807 non
1888 777 2024 819 segnius
2041 776 2085 808 ad
2101 787 2195 807 arma
2211 787 2289 818 pro-

445 836 569 867 siliunt.
616 833 779 865 Nicolaus
803 831 959 867 Vitellus,
984 841 1026 861 ne
1052 830 1236 871 imparatus
1253 836 1286 861 et
1302 830 1390 861 inter
1418 831 1610 867 oscitantes,
1624 836 1660 862 ut
1675 830 1779 866 aiunt,
1797 830 2016 870 opprimatur,
2040 829 2183 872 impigre
2200 830 2289 862 inter

445 889 598 932 geminos
622 897 734 917 muros
758 885 930 926 populum,
955 884 1211 925 conductosque
1236 883 1369 920 milites,
1393 883 1438 915 ad
1462 894 1521 914 sua
1546 884 1621 915 loca
1647 889 1680 914 et
1704 882 1841 914 ordines
1866 893 1939 914 esse
1972 882 2081 920 iubet3
2111 889 2145 914 et
2160 883 2289 915 relictis

445 944 479 973 in
505 942 579 972 foro
615 940 811 981 optimatum
842 937 1122 978 delectorumque
1153 936 1295 967 militum
1327 936 1542 967 validissimis
1566 936 1733 981 presidiis,
1758 936 1831 977 ipse
1854 936 1899 967 ad
1930 942 2061 976 portam
2092 936 2289 968 occidenta-

446 996 523 1031 lem,
547 993 603 1024 ubi
629 993 718 1023 vires
742 991 886 1022 hostium
912 1000 971 1021 suo
995 989 1160 1021 arbitratu
1185 988 1462 1025 effundebantur,
1487 989 1815 1030 expeditissimorum
1840 998 1942 1019 manu
1959 988 2100 1029 stipatus
2117 999 2191 1020 sese
2209 999 2290 1020 con-

446 1049 523 1079 fert.
569 1045 667 1077 Prius
691 1051 815 1081 tamen,
839 1043 884 1075 ad
908 1042 1068 1084 populum
1095 1042 1130 1073 in
1153 1041 1266 1073 medio
1292 1041 1367 1073 foro
1391 1048 1567 1079 armatum,
1581 1042 1801 1073 disertissime
1826 1042 1861 1072 in
1886 1042 1976 1073 hunc
2001 1041 2137 1073 modum
2166 1042 2289 1074 oratio-

445 1111 522 1132 nem
547 1099 674 1131 habuit.

779 1204 940 1235 NICOLAI
964 1202 1120 1234 VITELLI
1146 1211 1286 1233 ORATIO
1312 1211 1361 1233 AD
1386 1211 1553 1233 POPULUM
1578 1211 1764 1232 ARMATUM
1789 1211 1826 1232 IN
1850 1211 1956 1232 FORO.

533 1314 676 1346 Animus
700 1318 813 1343 vester
838 1316 1013 1352 promptus
1031 1316 1065 1341 et
1081 1309 1206 1346 alacer,
1224 1309 1317 1340 cives
1334 1308 1624 1350 praestantissimi,
1641 1308 1685 1339 ad
1703 1308 1791 1339 hanc
1816 1308 2053 1339 defensionem
2071 1309 2288 1341 concorditer

446 1368 667 1401 subeundam,
692 1376 760 1397 non
784 1375 845 1406 pro
870 1363 1074 1395 necessitate
1099 1363 1232 1404 privata
1248 1368 1387 1398 tantum,
1413 1362 1474 1393 sed
1491 1372 1552 1402 pro
1569 1361 1707 1402 publica
1733 1360 1900 1397 libertate,
1924 1361 2032 1403 gloria
2048 1367 2151 1403 atque
2169 1363 2287 1400 salute,

446 1420 693 1453 incredibiliter
716 1429 770 1449 me
795 1416 1088 1458 impresentiarum
1113 1415 1223 1446 reficit
1240 1421 1274 1446 et
1289 1421 1440 1450 recreat;
1465 1415 1545 1445 licet
1570 1425 1634 1456 ego
1659 1424 1727 1445 non
1743 1414 1842 1445 aliter
1871 1424 2017 1455 unquam
2043 1415 2288 1456 concepissem,

446 1476 533 1506 letor
557 1475 671 1515 itaque
696 1472 731 1502 in
747 1470 896 1502 dicendo
922 1469 1055 1511 longius
1072 1469 1152 1499 mihi
1170 1467 1415 1499 elaborandum
1440 1478 1508 1498 non
1532 1477 1617 1504 esse,
1642 1467 1703 1498 sed
1728 1467 1838 1507 potius
1863 1467 2160 1509 perstringendum
2179 1468 2290 1500 brevi-

447 1529 523 1564 bus:
540 1525 750 1569 vigilandum
777 1530 827 1555 est
851 1522 949 1554 nobis
973 1522 1120 1558 assidue,
1144 1521 1366 1563 pugnandum
1392 1520 1633 1556 strenuissime,
1658 1530 1735 1551 cum
1766 1520 1850 1550 nihil
1881 1520 1975 1551 aliud
2007 1521 2162 1561 supersit,
2187 1532 2288 1564 quam

444 1588 502 1613 aut
526 1579 741 1614 vincendum,
765 1583 823 1608 aut
847 1576 983 1607 omnino
1008 1575 1212 1606 cadendum.
1258 1574 1364 1605 Extra
1380 1584 1493 1604 muros
1510 1573 1642 1616 legatus
1665 1579 1767 1614 atque
1793 1583 1858 1603 una
1884 1573 2000 1604 exules
2027 1574 2179 1606 adstant:
2204 1576 2287 1617 quid

448 1634 509 1665 sibi
534 1633 650 1665 velint.
675 1641 773 1662 nemo
799 1636 849 1660 est
874 1635 1032 1664 vestrum,
1056 1628 1115 1669 qui
1139 1626 1254 1668 probe'
1286 1637 1354 1658 non
1377 1626 1556 1669 intelligat,
1587 1626 1673 1657 alter
1705 1626 1829 1657 civium
1861 1626 1973 1663 vitam,
2005 1626 2091 1658 alter
2122 1624 2290 1659 libertatis>

448 1687 669 1722 eversionem,
694 1694 836 1726 quorum
861 1682 1015 1718 alterum,
1040 1681 1133 1722 prius
1157 1691 1258 1722 quam
1284 1679 1473 1716 subeamus,
1506 1679 1697 1710 enixissime
1726 1679 1942 1710 renitendum
1967 1685 2027 1711 est.
2075 1679 2170 1711 Nihil
2202 1682 2291 1712 enim

447 1741 577 1782 turpius
600 1749 701 1781 quam
726 1737 853 1769 ducere
880 1736 981 1767 vitam
1007 1735 1041 1765 in
1066 1735 1203 1765 civitate
1229 1743 1296 1765 non
1321 1733 1440 1770 libera,
1465 1733 1548 1763 nihil
1573 1733 1728 1763 miserius
1745 1743 1845 1774 quam
1862 1732 1907 1763 ab
1923 1733 2068 1764 inimicis
2085 1733 2291 1772 obtruncari,

447 1794 570 1836 quibus
604 1791 757 1835 tyrannis
782 1789 893 1831 potius
924 1799 1025 1830 quam
1062 1787 1201 1818 libertas
1230 1787 1408 1818 iocundior
1440 1793 1500 1818 est.
1548 1784 1654 1817 Porro
1686 1785 1766 1816 dum
1798 1786 1820 1816 ii
1853 1786 2018 1828 sanguine
2050 1793 2164 1818 nostro
2192 1788 2291 1826 sitim,

449 1846 702 1887 visceribusque
727 1843 849 1875 nostris
875 1843 999 1873 famem
1025 1841 1139 1872 levare
1167 1840 1351 1876 clamitant,
1376 1840 1578 1881 nefarioque
1603 1839 1734 1870 scelere
1760 1838 1854 1881 cedis
1878 1845 1991 1882 nostre
2024 1840 2171 1882 saginari
2203 1841 2291 1873 velle

446 1901 652 1935 minitantur,
677 1898 720 1929 ob
744 1897 779 1928 id
804 1906 865 1927 nos
889 1895 1002 1926 adhuc
1028 1894 1143 1925 vivere
1167 1900 1324 1936 arguunt.
1372 1892 1433 1923 His
1451 1903 1532 1935 ergo
1549 1903 1611 1924 nos
1627 1892 1825 1923 idemtidem
1843 1892 1968 1929 vivere,
1985 1903 2026 1923 ac
2043 1894 2181 1925 mortuis
2208 1905 2292 1926 non-

447 1954 526 1986 dum
551 1950 777 1987 annumerari,
802 1948 1048 1980 animosissime
1074 1947 1302 1983 ostendamus,
1329 1952 1362 1977 et
1386 1956 1487 1988 quam
1511 1946 1574 1987 ipsi
1600 1955 1725 1986 capere
1743 1955 1919 1986 possumus
1951 1945 2123 1983 ultionem,
2154 1947 2290 1979 stultum

448 2014 499 2039 est
522 2003 702 2047 nepotibus
727 2001 1045 2043 derelinquendam.
1092 1999 1149 2031 Ab
1174 2000 1292 2030 horum
1318 2004 1438 2030 neutro
1463 1998 1561 2030 nobis
1585 1999 1684 2029 venia
1712 2004 1770 2029 aut
1787 1998 2020 2029 misericordia
2045 2000 2215 2040 speranda
2232 2007 2293 2039 est,

448 2070 512 2092 nec
537 2057 707 2093 uxoribus,
733 2066 797 2087 nec
822 2054 949 2091 liberis,
974 2064 1039 2085 nec
1063 2052 1278 2094 parentibus:
1304 2052 1427 2083 malum
1452 2052 1541 2083 malo
1566 2052 1791 2083 resecandum
1813 2057 1873 2088 est,
1907 2052 2076 2094 tutiusque
2101 2063 2163 2094 pro
2187 2054 2293 2086 tutela

448 2120 499 2145 est
521 2112 650 2143 inferre
675 2119 776 2152 quam
800 2108 869 2149 pati
893 2106 1063 2150 gladium;
1088 2113 1121 2137 et
1146 2107 1191 2137 ita
1217 2116 1301 2147 opus
1327 2106 1419 2136 facto
1445 2115 1529 2141 esse,
1554 2105 1634 2136 satis
1663 2104 1699 2135 in
1727 2104 1791 2135 hac
1823 2115 1935 2135 rerum
1966 2105 2162 2137 conditione
2193 2107 2294 2138 datur

447 2164 602 2207 intelligi,
626 2163 661 2194 in
677 2172 755 2204 qua,
772 2161 885 2192 cincto
903 2159 996 2190 urbis
1012 2159 1150 2195 ambitu,
1176 2159 1303 2189 nullum
1328 2157 1475 2189 obsessis
1499 2163 1593 2199 patet
1619 2157 1803 2200 effugium3
1820 2156 1882 2187 sed
1899 2157 2016 2199 fingite
2032 2168 2151 2190 manus
2167 2159 2294 2201 impiis—

448 2220 605 2251 simorum
631 2217 747 2247 forsan
772 2213 934 2246 divinitus
960 2212 1115 2254 effugere
1142 2222 1257 2253 posse:
1283 2211 1366 2254 quid
1390 2211 1483 2242 aliud
1500 2211 1563 2242 nisi
1581 2217 1679 2252 turpe
1705 2210 1852 2247 exilium,
1870 2216 2138 2253 perpetuamque
2156 2212 2291 2257 ignavie

448 2270 725 2314 exprobationem
750 2267 846 2298 vobis
871 2267 955 2308 fuga
977 2265 1134 2307 parabit?
1159 2265 1217 2296 Nil
1242 2265 1368 2303 durius,
1394 2265 1535 2301 credite,
1567 2274 1667 2305 quam
1696 2264 1826 2294 amissis
1850 2264 2060 2304 patrimoniis
2092 2265 2184 2297 victu
2214 2277 2292 2308 pre-

447 2326 551 2364 cario,
564 2325 599 2355 in
623 2321 773 2364 que'rula
798 2320 990 2352 calamitate
1015 2319 1110 2355 mori,
1127 2329 1228 2360 quam
1254 2325 1445 2360 suspectam
1470 2318 1590 2349 alienis
1614 2318 1649 2348 in
1666 2316 1805 2348 urbibus
1822 2317 1924 2348 vitam
1948 2328 2051 2360 agere
2060 2330 2067 2355 ;
2092 2319 2174 2360 quin
2191 2320 2292 2351 etiam

447 2378 538 2420 inopi
563 2382 690 2419 quanto
716 2375 783 2406 vita
809 2373 951 2416 longior,
976 2378 1069 2403 tanto
1093 2372 1169 2413 plus
1194 2372 1351 2413 supplicii
1377 2377 1542 2413 superest.
1589 2369 1730 2401 Certant
1755 2370 1777 2401 ii
1803 2370 1990 2408 nobiscum,
2022 2377 2058 2403 ut
2089 2383 2131 2403 ex
2154 2373 2292 2405 misera-

451 2432 572 2464 bilibus
588 2429 745 2461 invidiosi
763 2426 960 2458 reddantur.
1008 2425 1116 2467 Igitur
1140 2436 1201 2466 pro
1226 2425 1364 2466 publica
1389 2425 1507 2461 salute,
1525 2431 1558 2456 et
1583 2431 1618 2455 ut
1643 2424 1809 2460 iniuriam,
1835 2424 2083 2462 crudelitatem,
2107 2426 2292 2458 miseriam..

447 2483 522 2528 que'
547 2483 792 2525 propulsemus,
818 2486 851 2511 et
877 2480 1005 2510 ferrum
1030 2485 1063 2510 et
1087 2479 1184 2521 ignes
1209 2478 1424 2510 sustinendos
1448 2488 1583 2509 censeo.
1632 2476 1725 2513 Quid
1750 2478 1853 2518 quod,
1878 2484 1913 2509 ut
1936 2478 1972 2508 in
1996 2479 2118 2522 ceteris
2141 2479 2293 2511 animan-

448 2538 537 2571 tibus
563 2534 835 2577 frequentissime
861 2533 1024 2568 videmus,
1057 2531 1139 2562 nihil
1165 2538 1216 2563 est
1239 2538 1306 2563 tam
1331 2542 1471 2572 parvum
1496 2532 1599 2572 quod,
1625 2531 1650 2561 si
1676 2531 1801 2562 audeat
1825 2531 2065 2562 invadentibus
2089 2543 2292 2576 repugnare,

449 2603 516 2623 non
540 2601 575 2621 se
601 2588 769 2620 incolume
795 2592 954 2627 praestet.
1001 2585 1051 2616 Eo
1076 2585 1190 2626 itaque
1222 2584 1258 2616 id
1289 2584 1387 2616 nobis
1418 2584 1623 2625 sperandum
1656 2584 1764 2626 magis
1795 2590 1856 2621 est,
1887 2584 1944 2625 qui
1970 2585 2155 2623 tormentis,
2179 2586 2291 2624 armis,

449 2644 613 2679 menibus,
637 2641 804 2683 presidiis,
829 2640 1022 2680 iustitiaque
1048 2649 1160 2669 sumus
1178 2638 1383 2670 communiti.
1430 2637 1504 2680 Ego
1529 2638 1621 2678 prius
1645 2648 1745 2679 quam
1771 2638 1900 2678 patriae
1918 2637 2109 2669 libertatem
2125 2639 2292 2677 amissam,

449 2705 482 2729 et
507 2696 666 2728 concives
691 2700 809 2735 captos
834 2703 908 2724 esse
933 2693 1001 2734 pati
1028 2692 1139 2727 velim,
1171 2691 1367 2723 discrimina
1392 2692 1502 2732 potius
1527 2691 1788 2732 qualiacumque
1806 2690 1937 2725 subibo,
1955 2697 1988 2722 et
2004 2698 2080 2732 post
2096 2691 2292 2724 discrimina

450 2756 601 2782 mortem.
648 2746 803 2778 Praestat
820 2746 909 2777 enim
925 2745 1033 2787 magis
1050 2751 1186 2777 strenue
1211 2745 1305 2781 mori,
1330 2755 1431 2786 quam
1456 2751 1651 2786 presumpto
1668 2750 1759 2776 metu
1777 2744 1973 2775 calamitose
1992 2745 2117 2776 vivere.
2164 2744 2291 2779 Condi-

451 2805 566 2835 ciones
591 2811 665 2843 ego,
690 2801 715 2830 si
740 2800 901 2840 accipere
926 2799 1117 2835 voluissem,
1142 2798 1264 2840 quibus
1287 2809 1307 2829 a
1339 2798 1499 2838 pontifice
1518 2797 1566 2828 fui
1592 2798 1761 2834 invitatus,
1786 2797 1878 2828 scitis
1902 2808 2007 2841 equas
2030 2798 2111 2829 mihi
2139 2798 2291 2840 meisque

451 2867 518 2887 non
535 2854 696 2886 defuisse.
742 2852 919 2884 Abstinuit
937 2862 1000 2883 nec
1018 2851 1103 2882 ullas
1119 2852 1252 2893 accepi,
1269 2861 1335 2882 nec
1352 2861 1500 2892 unquam
1517 2851 1710 2891 accipiendi
1737 2857 1787 2881 est
1810 2851 1951 2887 animus,
1968 2851 2031 2882 nisi
2048 2851 2083 2882 in
2099 2850 2221 2893 quibus
2245 2852 2292 2883 ci-

451 2909 540 2939 vium
557 2918 597 2938 ac
614 2907 802 2947 reipublice
821 2911 934 2936 nostre
953 2905 1092 2936 libertas
1109 2905 1202 2936 salva
1220 2905 1333 2936 futura
1350 2904 1402 2935 sit.
1442 2903 1666 2946 Pugnandum
1685 2914 1767 2946 ergo
1784 2904 1819 2934 in
1836 2904 1962 2940 exules,
1979 2903 2101 2945 quibus
2116 2905 2291 2947 graviores

453 2961 566 2993 hostes
591 2970 658 2991 non
675 2958 848 2996 habemus,
866 2957 1086 3001 pugnandum
1110 2958 1145 2989 in
1170 2957 1334 2990 libertatis
1359 2963 1523 2998 raptores,
1547 2956 1744 2989 dominandi
1762 2957 1873 2989 studio
1891 2957 2007 2994 elatos,
2025 2963 2062 2990 ut
2076 2957 2120 2990 ab
2136 2957 2292 2991 huiusce—

542 3084 561 3109 l.
580 3093 596 3116 4
615 3083 737 3108 'ramma
759 3084 791 3111 A,
812 3091 836 3114 p.
857 3082 899 3114 64.
921 3096 952 3100 —
973 3083 991 3107 1.
1011 3081 1029 3105 6
1047 3083 1162 3107 dissona
1189 3083 1217 3112 T,
1237 3089 1259 3106 c.
1280 3087 1338 3113 705.
1359 3094 1391 3099 -——
1412 3082 1430 3105 l.
1451 3087 1480 3105 21
1503 3088 1559 3105 non
1580 3081 1727 3112 intelligat
1746 3081 1779 3109 A,
1799 3088 1825 3112 p.
1845 3079 1887 3112 65.
1902 3094 1934 3100 -
1948 3080 1967 3105 l.
1986 3087 2020 3113 34
2041 3081 2112 3106 -rula
2127 3081 2289 3109 calamitate

459 3130 487 3159 T,
507 3136 530 3154 e.
551 3127 610 3160 706.
630 3142 661 3145 -
682 3129 701 3152 l.
721 3134 752 3160 37
774 3128 968 3159 propulsemus
990 3128 1022 3158 A,
1044 3134 1073 3159 p.
1090 3127 1133 3151 66.

2316 937 2354 968 10

2316 1310 2352 1341 15

2312 1577 2353 1607 20

2317 1842 2357 1873 25

2317 2107 2359 2139 30

2316 2640 2358 2671 40

2316 2904 2356 2936 45
